%YAML 1.1
%TAG !u! tag:unity3d.com,2011:
--- !u!1 &3642536012676367156
GameObject:
  m_ObjectHideFlags: 0
  m_CorrespondingSourceObject: {fileID: 0}
  m_PrefabInstance: {fileID: 0}
  m_PrefabAsset: {fileID: 0}
  serializedVersion: 6
  m_Component:
  - component: {fileID: 3642536012676367163}
  m_Layer: 0
  m_Name: E_DemonGirl
  m_TagString: Untagged
  m_Icon: {fileID: 0}
  m_NavMeshLayer: 0
  m_StaticEditorFlags: 0
  m_IsActive: 1
--- !u!4 &3642536012676367163
Transform:
  m_ObjectHideFlags: 0
  m_CorrespondingSourceObject: {fileID: 0}
  m_PrefabInstance: {fileID: 0}
  m_PrefabAsset: {fileID: 0}
  m_GameObject: {fileID: 3642536012676367156}
  m_LocalRotation: {x: 0, y: 1, z: 0, w: 0}
  m_LocalPosition: {x: 77.87, y: 0, z: 5.99}
  m_LocalScale: {x: 1, y: 1, z: 1}
  m_Children:
  - {fileID: 4692153192125447480}
  m_Father: {fileID: 0}
  m_RootOrder: 0
  m_LocalEulerAnglesHint: {x: 0, y: 180, z: 0}
--- !u!1 &4688253644448981424
GameObject:
  m_ObjectHideFlags: 0
  m_CorrespondingSourceObject: {fileID: 0}
  m_PrefabInstance: {fileID: 0}
  m_PrefabAsset: {fileID: 0}
  serializedVersion: 6
  m_Component:
  - component: {fileID: 4691757589500747264}
  m_Layer: 0
  m_Name: DemonGirlLDigit41
  m_TagString: Untagged
  m_Icon: {fileID: 0}
  m_NavMeshLayer: 0
  m_StaticEditorFlags: 0
  m_IsActive: 1
--- !u!4 &4691757589500747264
Transform:
  m_ObjectHideFlags: 0
  m_CorrespondingSourceObject: {fileID: 0}
  m_PrefabInstance: {fileID: 0}
  m_PrefabAsset: {fileID: 0}
  m_GameObject: {fileID: 4688253644448981424}
  m_LocalRotation: {x: 0.008544978, y: -0.11842747, z: 0.2443449, w: 0.96239156}
  m_LocalPosition: {x: -0.0984849, y: -0.0024521686, z: -0.0456478}
  m_LocalScale: {x: 1.0000048, y: 1.000004, z: 0.99999136}
  m_Children:
  - {fileID: 4691684854526677496}
  m_Father: {fileID: 4684613158269641288}
  m_RootOrder: 3
  m_LocalEulerAnglesHint: {x: 0, y: 0, z: 0}
--- !u!1 &4688254453003196378
GameObject:
  m_ObjectHideFlags: 0
  m_CorrespondingSourceObject: {fileID: 0}
  m_PrefabInstance: {fileID: 0}
  m_PrefabAsset: {fileID: 0}
  serializedVersion: 6
  m_Component:
  - component: {fileID: 4684781328142552930}
  - component: {fileID: 4681469625670045188}
  m_Layer: 0
  m_Name: DemonGirlLThigh
  m_TagString: Untagged
  m_Icon: {fileID: 0}
  m_NavMeshLayer: 0
  m_StaticEditorFlags: 0
  m_IsActive: 1
--- !u!4 &4684781328142552930
Transform:
  m_ObjectHideFlags: 0
  m_CorrespondingSourceObject: {fileID: 0}
  m_PrefabInstance: {fileID: 0}
  m_PrefabAsset: {fileID: 0}
  m_GameObject: {fileID: 4688254453003196378}
  m_LocalRotation: {x: -0.092211686, y: 0.9918836, z: -0.0063333563, w: 0.08731519}
  m_LocalPosition: {x: -0.01795208, y: 0.04894993, z: 0.091720596}
  m_LocalScale: {x: 0.9999999, y: 1.0000004, z: 1.0000002}
  m_Children:
  - {fileID: 4684558295064806762}
  m_Father: {fileID: 4684451360427016758}
  m_RootOrder: 0
  m_LocalEulerAnglesHint: {x: 0, y: 0, z: 0}
--- !u!136 &4681469625670045188
CapsuleCollider:
  m_ObjectHideFlags: 0
  m_CorrespondingSourceObject: {fileID: 0}
  m_PrefabInstance: {fileID: 0}
  m_PrefabAsset: {fileID: 0}
  m_GameObject: {fileID: 4688254453003196378}
  m_Material: {fileID: 0}
  m_IsTrigger: 0
  m_Enabled: 1
  m_Radius: 0.078
  m_Height: 0.57
  m_Direction: 0
  m_Center: {x: -0.21, y: 0, z: 0}
--- !u!1 &4688276957152048904
GameObject:
  m_ObjectHideFlags: 0
  m_CorrespondingSourceObject: {fileID: 0}
  m_PrefabInstance: {fileID: 0}
  m_PrefabAsset: {fileID: 0}
  serializedVersion: 6
  m_Component:
  - component: {fileID: 4684597046511641722}
  m_Layer: 0
  m_Name: DemonGirlSpine4
  m_TagString: Untagged
  m_Icon: {fileID: 0}
  m_NavMeshLayer: 0
  m_StaticEditorFlags: 0
  m_IsActive: 1
--- !u!4 &4684597046511641722
Transform:
  m_ObjectHideFlags: 0
  m_CorrespondingSourceObject: {fileID: 0}
  m_PrefabInstance: {fileID: 0}
  m_PrefabAsset: {fileID: 0}
  m_GameObject: {fileID: 4688276957152048904}
  m_LocalRotation: {x: 2.1843354e-10, y: -0.000000015138124, z: -0.09459107, w: 0.99551624}
  m_LocalPosition: {x: -0.11072694, y: 0, z: 0}
  m_LocalScale: {x: 1.0000001, y: 1.0000001, z: 1}
  m_Children:
  - {fileID: 4684603994743825978}
  m_Father: {fileID: 4692038054090153968}
  m_RootOrder: 0
  m_LocalEulerAnglesHint: {x: 0, y: 0, z: 0}
--- !u!1 &4688306073011852438
GameObject:
  m_ObjectHideFlags: 0
  m_CorrespondingSourceObject: {fileID: 0}
  m_PrefabInstance: {fileID: 0}
  m_PrefabAsset: {fileID: 0}
  serializedVersion: 6
  m_Component:
  - component: {fileID: 4684545790866668596}
  m_Layer: 0
  m_Name: DemonGirlLFoot
  m_TagString: Untagged
  m_Icon: {fileID: 0}
  m_NavMeshLayer: 0
  m_StaticEditorFlags: 0
  m_IsActive: 1
--- !u!4 &4684545790866668596
Transform:
  m_ObjectHideFlags: 0
  m_CorrespondingSourceObject: {fileID: 0}
  m_PrefabInstance: {fileID: 0}
  m_PrefabAsset: {fileID: 0}
  m_GameObject: {fileID: 4688306073011852438}
  m_LocalRotation: {x: -0.07849209, y: -0.017601978, z: -0.7764932, w: 0.62497}
  m_LocalPosition: {x: -0.5692008, y: -0.0000000068545343, z: 0}
  m_LocalScale: {x: 0.9999991, y: 1.0000008, z: 1}
  m_Children: []
  m_Father: {fileID: 4684558295064806762}
  m_RootOrder: 0
  m_LocalEulerAnglesHint: {x: 0, y: 0, z: 0}
--- !u!1 &4688324604240425678
GameObject:
  m_ObjectHideFlags: 0
  m_CorrespondingSourceObject: {fileID: 0}
  m_PrefabInstance: {fileID: 0}
  m_PrefabAsset: {fileID: 0}
  serializedVersion: 6
  m_Component:
  - component: {fileID: 4684705178851277368}
  m_Layer: 0
  m_Name: DemonGirlRLegFoot
  m_TagString: Untagged
  m_Icon: {fileID: 0}
  m_NavMeshLayer: 0
  m_StaticEditorFlags: 0
  m_IsActive: 1
--- !u!4 &4684705178851277368
Transform:
  m_ObjectHideFlags: 0
  m_CorrespondingSourceObject: {fileID: 0}
  m_PrefabInstance: {fileID: 0}
  m_PrefabAsset: {fileID: 0}
  m_GameObject: {fileID: 4688324604240425678}
  m_LocalRotation: {x: 0.078543514, y: 0.01757695, z: -0.7765039, w: 0.62495095}
  m_LocalPosition: {x: -0.56920093, y: 0, z: 0}
  m_LocalScale: {x: 1.0000013, y: 0.9999991, z: 0.99999994}
  m_Children: []
  m_Father: {fileID: 4692106458387318616}
  m_RootOrder: 0
  m_LocalEulerAnglesHint: {x: 0, y: 0, z: 0}
--- !u!1 &4688339209319302986
GameObject:
  m_ObjectHideFlags: 0
  m_CorrespondingSourceObject: {fileID: 0}
  m_PrefabInstance: {fileID: 0}
  m_PrefabAsset: {fileID: 0}
  serializedVersion: 6
  m_Component:
  - component: {fileID: 4691646765921335636}
  - component: {fileID: 4680465746877176326}
  m_Layer: 0
  m_Name: DG_SKIN_body
  m_TagString: Untagged
  m_Icon: {fileID: 0}
  m_NavMeshLayer: 0
  m_StaticEditorFlags: 0
  m_IsActive: 1
--- !u!4 &4691646765921335636
Transform:
  m_ObjectHideFlags: 0
  m_CorrespondingSourceObject: {fileID: 0}
  m_PrefabInstance: {fileID: 0}
  m_PrefabAsset: {fileID: 0}
  m_GameObject: {fileID: 4688339209319302986}
  m_LocalRotation: {x: -0.7071068, y: 0, z: -0, w: 0.7071068}
  m_LocalPosition: {x: -0, y: 1.0460883, z: 0.000000045725972}
  m_LocalScale: {x: 1, y: 1, z: 1}
  m_Children: []
  m_Father: {fileID: 4692153192125447480}
  m_RootOrder: 4
  m_LocalEulerAnglesHint: {x: 0, y: 0, z: 0}
--- !u!137 &4680465746877176326
SkinnedMeshRenderer:
  m_ObjectHideFlags: 0
  m_CorrespondingSourceObject: {fileID: 0}
  m_PrefabInstance: {fileID: 0}
  m_PrefabAsset: {fileID: 0}
  m_GameObject: {fileID: 4688339209319302986}
  m_Enabled: 1
  m_CastShadows: 1
  m_ReceiveShadows: 1
  m_DynamicOccludee: 1
  m_MotionVectors: 1
  m_LightProbeUsage: 1
  m_ReflectionProbeUsage: 1
  m_RayTracingMode: 0
  m_RenderingLayerMask: 1
  m_RendererPriority: 0
  m_Materials:
  - {fileID: 2100000, guid: 611c8bd340618634a8d2585917895e4a, type: 2}
  m_StaticBatchInfo:
    firstSubMesh: 0
    subMeshCount: 0
  m_StaticBatchRoot: {fileID: 0}
  m_ProbeAnchor: {fileID: 0}
  m_LightProbeVolumeOverride: {fileID: 0}
  m_ScaleInLightmap: 1
  m_ReceiveGI: 1
  m_PreserveUVs: 0
  m_IgnoreNormalsForChartDetection: 0
  m_ImportantGI: 0
  m_StitchLightmapSeams: 0
  m_SelectedEditorRenderState: 3
  m_MinimumChartSize: 4
  m_AutoUVMaxDistance: 0.5
  m_AutoUVMaxAngle: 89
  m_LightmapParameters: {fileID: 0}
  m_SortingLayerID: 0
  m_SortingLayer: 0
  m_SortingOrder: 0
  serializedVersion: 2
  m_Quality: 0
  m_UpdateWhenOffscreen: 0
  m_SkinnedMotionVectors: 1
  m_Mesh: {fileID: 4300000, guid: d3b617d4c5387004fa355973611faee7, type: 3}
  m_Bones:
  - {fileID: 4691819552377261720}
  - {fileID: 4684451360427016758}
  - {fileID: 4684781328142552930}
  - {fileID: 4691806705811671496}
  - {fileID: 4692106458387318616}
  - {fileID: 4684558295064806762}
  - {fileID: 4684503572609495964}
  - {fileID: 4684715150629589336}
  - {fileID: 4691861436052418656}
  - {fileID: 4691703506726011666}
  - {fileID: 4684744837280113640}
  - {fileID: 4684662804387839880}
  - {fileID: 4684597046511641722}
  - {fileID: 4684603994743825978}
  - {fileID: 4684413155703175608}
  - {fileID: 4692038054090153968}
  - {fileID: 4684481394078653078}
  - {fileID: 4684672368508860630}
  - {fileID: 4692039744625855974}
  - {fileID: 4691956172545662968}
  - {fileID: 4684545790866668596}
  - {fileID: 4684705178851277368}
  - {fileID: 4684561100994409826}
  - {fileID: 4691688484978353836}
  - {fileID: 4684861973184558818}
  - {fileID: 4684705135320312156}
  - {fileID: 4684613158269641288}
  - {fileID: 4691709930922151082}
  - {fileID: 4684420818854171534}
  - {fileID: 4691885025353487660}
  - {fileID: 4691887789397554220}
  - {fileID: 4691718210028633388}
  - {fileID: 4684602705934005754}
  - {fileID: 4684729676219458368}
  - {fileID: 4684846851739608128}
  - {fileID: 4684565105941065188}
  - {fileID: 4691860681870250274}
  - {fileID: 4691694676914268228}
  - {fileID: 4684721506824989638}
  - {fileID: 4692065031194473378}
  - {fileID: 4684610119936879830}
  - {fileID: 4691757589500747264}
  - {fileID: 4691684854526677496}
  - {fileID: 4691637280630461582}
  - {fileID: 4684796923602548180}
  - {fileID: 4684340118645511496}
  - {fileID: 4684669639296318944}
  - {fileID: 4684475318313991056}
  - {fileID: 4684540953400411052}
  - {fileID: 4691959721372382856}
  - {fileID: 4692058113106524712}
  - {fileID: 4691742282589392986}
  - {fileID: 4691628355723465710}
  - {fileID: 4684495936298171902}
  m_BlendShapeWeights: []
  m_RootBone: {fileID: 4684451360427016758}
  m_AABB:
    m_Center: {x: 0.000023722649, y: 0.10206429, z: -0.11662279}
    m_Extent: {x: 0.71032023, y: 0.31977496, z: 0.9540731}
  m_DirtyAABB: 0
--- !u!1 &4688367050455169502
GameObject:
  m_ObjectHideFlags: 0
  m_CorrespondingSourceObject: {fileID: 0}
  m_PrefabInstance: {fileID: 0}
  m_PrefabAsset: {fileID: 0}
  serializedVersion: 6
  m_Component:
  - component: {fileID: 4684413155703175608}
  m_Layer: 0
  m_Name: DemonGirlSpine1
  m_TagString: Untagged
  m_Icon: {fileID: 0}
  m_NavMeshLayer: 0
  m_StaticEditorFlags: 0
  m_IsActive: 1
--- !u!4 &4684413155703175608
Transform:
  m_ObjectHideFlags: 0
  m_CorrespondingSourceObject: {fileID: 0}
  m_PrefabInstance: {fileID: 0}
  m_PrefabAsset: {fileID: 0}
  m_GameObject: {fileID: 4688367050455169502}
  m_LocalRotation: {x: 0.000000008979064, y: -0.000000041520863, z: -0.13889232, w: 0.9903075}
  m_LocalPosition: {x: -0.04765689, y: -0.0036462592, z: -0.00000000904929}
  m_LocalScale: {x: 1.0000005, y: 1.0000005, z: 1}
  m_Children:
  - {fileID: 4691819552377261720}
  m_Father: {fileID: 4684451360427016758}
  m_RootOrder: 2
  m_LocalEulerAnglesHint: {x: 0, y: 0, z: 0}
--- !u!1 &4688385897561738468
GameObject:
  m_ObjectHideFlags: 0
  m_CorrespondingSourceObject: {fileID: 0}
  m_PrefabInstance: {fileID: 0}
  m_PrefabAsset: {fileID: 0}
  serializedVersion: 6
  m_Component:
  - component: {fileID: 4692038054090153968}
  m_Layer: 0
  m_Name: DemonGirlSpine3
  m_TagString: Untagged
  m_Icon: {fileID: 0}
  m_NavMeshLayer: 0
  m_StaticEditorFlags: 0
  m_IsActive: 1
--- !u!4 &4692038054090153968
Transform:
  m_ObjectHideFlags: 0
  m_CorrespondingSourceObject: {fileID: 0}
  m_PrefabInstance: {fileID: 0}
  m_PrefabAsset: {fileID: 0}
  m_GameObject: {fileID: 4688385897561738468}
  m_LocalRotation: {x: -9.179461e-10, y: 0.0000000059600453, z: 0.08831985, w: 0.9960922}
  m_LocalPosition: {x: -0.10403275, y: 0.0000000068545343, z: 5.2295946e-14}
  m_LocalScale: {x: 1.0000001, y: 1.0000004, z: 1.0000001}
  m_Children:
  - {fileID: 4684597046511641722}
  m_Father: {fileID: 4691819552377261720}
  m_RootOrder: 0
  m_LocalEulerAnglesHint: {x: 0, y: 0, z: 0}
--- !u!1 &4689662105648610976
GameObject:
  m_ObjectHideFlags: 0
  m_CorrespondingSourceObject: {fileID: 0}
  m_PrefabInstance: {fileID: 0}
  m_PrefabAsset: {fileID: 0}
  serializedVersion: 6
  m_Component:
  - component: {fileID: 4691885025353487660}
  m_Layer: 0
  m_Name: DemonGirlNeck1
  m_TagString: Untagged
  m_Icon: {fileID: 0}
  m_NavMeshLayer: 0
  m_StaticEditorFlags: 0
  m_IsActive: 1
--- !u!4 &4691885025353487660
Transform:
  m_ObjectHideFlags: 0
  m_CorrespondingSourceObject: {fileID: 0}
  m_PrefabInstance: {fileID: 0}
  m_PrefabAsset: {fileID: 0}
  m_GameObject: {fileID: 4689662105648610976}
  m_LocalRotation: {x: 0.0000000017517368, y: -0.000000005234281, z: -0.027546072,
    w: 0.99962056}
  m_LocalPosition: {x: -0.0008281374, y: -0.0036462557, z: -0.000000007002427}
  m_LocalScale: {x: 1, y: 1, z: 0.99999994}
  m_Children:
  - {fileID: 4684662804387839880}
  m_Father: {fileID: 4684603994743825978}
  m_RootOrder: 1
  m_LocalEulerAnglesHint: {x: 0, y: 0, z: 0}
--- !u!1 &4689673038781479652
GameObject:
  m_ObjectHideFlags: 0
  m_CorrespondingSourceObject: {fileID: 0}
  m_PrefabInstance: {fileID: 0}
  m_PrefabAsset: {fileID: 0}
  serializedVersion: 6
  m_Component:
  - component: {fileID: 4684565105941065188}
  m_Layer: 0
  m_Name: DemonGirlRArmDigit31
  m_TagString: Untagged
  m_Icon: {fileID: 0}
  m_NavMeshLayer: 0
  m_StaticEditorFlags: 0
  m_IsActive: 1
--- !u!4 &4684565105941065188
Transform:
  m_ObjectHideFlags: 0
  m_CorrespondingSourceObject: {fileID: 0}
  m_PrefabInstance: {fileID: 0}
  m_PrefabAsset: {fileID: 0}
  m_GameObject: {fileID: 4689673038781479652}
  m_LocalRotation: {x: 0.005431796, y: -0.030075839, z: 0.45771408, w: 0.888574}
  m_LocalPosition: {x: -0.10810023, y: 0.005829151, z: 0.0114414785}
  m_LocalScale: {x: 1.0000098, y: 0.9999979, z: 0.99999225}
  m_Children:
  - {fileID: 4684610119936879830}
  m_Father: {fileID: 4691709930922151082}
  m_RootOrder: 2
  m_LocalEulerAnglesHint: {x: 0, y: 0, z: 0}
--- !u!1 &4689698575227266430
GameObject:
  m_ObjectHideFlags: 0
  m_CorrespondingSourceObject: {fileID: 0}
  m_PrefabInstance: {fileID: 0}
  m_PrefabAsset: {fileID: 0}
  serializedVersion: 6
  m_Component:
  - component: {fileID: 4684662804387839880}
  m_Layer: 0
  m_Name: DemonGirlNeck2
  m_TagString: Untagged
  m_Icon: {fileID: 0}
  m_NavMeshLayer: 0
  m_StaticEditorFlags: 0
  m_IsActive: 1
--- !u!4 &4684662804387839880
Transform:
  m_ObjectHideFlags: 0
  m_CorrespondingSourceObject: {fileID: 0}
  m_PrefabInstance: {fileID: 0}
  m_PrefabAsset: {fileID: 0}
  m_GameObject: {fileID: 4689698575227266430}
  m_LocalRotation: {x: 4.8995347e-14, y: 0.000000043628745, z: 0.28894326, w: 0.9573462}
  m_LocalPosition: {x: -0.0600353, y: 0, z: 5.2295946e-14}
  m_LocalScale: {x: 0.99999994, y: 1, z: 0.99999994}
  m_Children:
  - {fileID: 4684503572609495964}
  m_Father: {fileID: 4691885025353487660}
  m_RootOrder: 0
  m_LocalEulerAnglesHint: {x: 0, y: 0, z: 0}
--- !u!1 &4689710188099354768
GameObject:
  m_ObjectHideFlags: 0
  m_CorrespondingSourceObject: {fileID: 0}
  m_PrefabInstance: {fileID: 0}
  m_PrefabAsset: {fileID: 0}
  serializedVersion: 6
  m_Component:
  - component: {fileID: 4691956172545662968}
  m_Layer: 0
  m_Name: DemonGirlRArmUpperarm
  m_TagString: Untagged
  m_Icon: {fileID: 0}
  m_NavMeshLayer: 0
  m_StaticEditorFlags: 0
  m_IsActive: 1
--- !u!4 &4691956172545662968
Transform:
  m_ObjectHideFlags: 0
  m_CorrespondingSourceObject: {fileID: 0}
  m_PrefabInstance: {fileID: 0}
  m_PrefabAsset: {fileID: 0}
  m_GameObject: {fileID: 4689710188099354768}
  m_LocalRotation: {x: -0.28411406, y: -0.4449809, z: -0.08644071, w: 0.8448664}
  m_LocalPosition: {x: -0.12729403, y: 0, z: 0}
  m_LocalScale: {x: 1.0000005, y: 0.99999946, z: 1.0000005}
  m_Children:
  - {fileID: 4684705135320312156}
  m_Father: {fileID: 4692039744625855974}
  m_RootOrder: 0
  m_LocalEulerAnglesHint: {x: 0, y: 0, z: 0}
--- !u!1 &4689752814961870704
GameObject:
  m_ObjectHideFlags: 0
  m_CorrespondingSourceObject: {fileID: 0}
  m_PrefabInstance: {fileID: 0}
  m_PrefabAsset: {fileID: 0}
  serializedVersion: 6
  m_Component:
  - component: {fileID: 4692153192125447480}
  - component: {fileID: 4629904479296038892}
  - component: {fileID: 4689752814961870709}
  - component: {fileID: 4689752814961870710}
  - component: {fileID: 4689752814961870711}
  m_Layer: 0
  m_Name: DemonGirlMesh
  m_TagString: Untagged
  m_Icon: {fileID: 0}
  m_NavMeshLayer: 0
  m_StaticEditorFlags: 0
  m_IsActive: 1
--- !u!4 &4692153192125447480
Transform:
  m_ObjectHideFlags: 0
  m_CorrespondingSourceObject: {fileID: 0}
  m_PrefabInstance: {fileID: 0}
  m_PrefabAsset: {fileID: 0}
  m_GameObject: {fileID: 4689752814961870704}
  m_LocalRotation: {x: -0, y: 1, z: -0, w: 0}
  m_LocalPosition: {x: 0, y: 0, z: 0}
  m_LocalScale: {x: 1.4490501, y: 1.4490501, z: 1.4490501}
  m_Children:
  - {fileID: 4692091420876636974}
  - {fileID: 4684766777156512882}
  - {fileID: 4684451360427016758}
  - {fileID: 4684732575664213688}
  - {fileID: 4691646765921335636}
  - {fileID: 4684812647894445704}
  - {fileID: 4692047374310229196}
  - {fileID: 4691713494945728406}
  - {fileID: 4684651970433015016}
  m_Father: {fileID: 3642536012676367163}
  m_RootOrder: 0
  m_LocalEulerAnglesHint: {x: 0, y: 0, z: 0}
--- !u!95 &4629904479296038892
Animator:
  serializedVersion: 3
  m_ObjectHideFlags: 0
  m_CorrespondingSourceObject: {fileID: 0}
  m_PrefabInstance: {fileID: 0}
  m_PrefabAsset: {fileID: 0}
  m_GameObject: {fileID: 4689752814961870704}
  m_Enabled: 1
  m_Avatar: {fileID: 9000000, guid: d3b617d4c5387004fa355973611faee7, type: 3}
  m_Controller: {fileID: 9100000, guid: 5e53106831023b7499983b1d67f806f9, type: 2}
  m_CullingMode: 1
  m_UpdateMode: 0
  m_ApplyRootMotion: 1
  m_LinearVelocityBlending: 0
  m_WarningMessage: 
  m_HasTransformHierarchy: 1
  m_AllowConstantClipSamplingOptimization: 1
  m_KeepAnimatorControllerStateOnDisable: 0
--- !u!136 &4689752814961870709
CapsuleCollider:
  m_ObjectHideFlags: 0
  m_CorrespondingSourceObject: {fileID: 0}
  m_PrefabInstance: {fileID: 0}
  m_PrefabAsset: {fileID: 0}
  m_GameObject: {fileID: 4689752814961870704}
  m_Material: {fileID: 0}
  m_IsTrigger: 0
  m_Enabled: 1
  m_Radius: 0.17200628
  m_Height: 1.9171724
  m_Direction: 1
  m_Center: {x: -0, y: 0.94171107, z: -0.013297002}
--- !u!195 &4689752814961870710
NavMeshAgent:
  m_ObjectHideFlags: 0
  m_CorrespondingSourceObject: {fileID: 0}
  m_PrefabInstance: {fileID: 0}
  m_PrefabAsset: {fileID: 0}
  m_GameObject: {fileID: 4689752814961870704}
  m_Enabled: 1
  m_AgentTypeID: 0
  m_Radius: 0.5
  m_Speed: 3.5
  m_Acceleration: 8
  avoidancePriority: 50
  m_AngularSpeed: 120
  m_StoppingDistance: 0
  m_AutoTraverseOffMeshLink: 1
  m_AutoBraking: 1
  m_AutoRepath: 1
  m_Height: 2
  m_BaseOffset: 0
  m_WalkableMask: 4294967295
  m_ObstacleAvoidanceType: 4
--- !u!114 &4689752814961870711
MonoBehaviour:
  m_ObjectHideFlags: 0
  m_CorrespondingSourceObject: {fileID: 0}
  m_PrefabInstance: {fileID: 0}
  m_PrefabAsset: {fileID: 0}
  m_GameObject: {fileID: 4689752814961870704}
  m_Enabled: 1
  m_EditorHideFlags: 0
  m_Script: {fileID: 11500000, guid: 0abe651e2eec63b45b4f9ebd50a69f18, type: 3}
  m_Name: 
  m_EditorClassIdentifier: 
  animator: {fileID: 4629904479296038892}
  agent: {fileID: 4689752814961870710}
  whatIsGround:
    serializedVersion: 2
    m_Bits: 2304
  whatIsPlayer:
    serializedVersion: 2
    m_Bits: 1024
  walkArea: {fileID: 3642536012676367163}
  walkPointRange: 10
  walkSpeed: 2
  chaseSpeed: 8
  sightRange: 10
  attackRange: 1
  playerInSightRange: 0
  playerInAttackRange: 0
  timeBetweenAttacks: 2
  m_Damage: 20
--- !u!1 &4689756009550013944
GameObject:
  m_ObjectHideFlags: 0
  m_CorrespondingSourceObject: {fileID: 0}
  m_PrefabInstance: {fileID: 0}
  m_PrefabAsset: {fileID: 0}
  serializedVersion: 6
  m_Component:
  - component: {fileID: 4684732575664213688}
  m_Layer: 0
  m_Name: DemonGirlRLegPlatform
  m_TagString: Untagged
  m_Icon: {fileID: 0}
  m_NavMeshLayer: 0
  m_StaticEditorFlags: 0
  m_IsActive: 1
--- !u!4 &4684732575664213688
Transform:
  m_ObjectHideFlags: 0
  m_CorrespondingSourceObject: {fileID: 0}
  m_PrefabInstance: {fileID: 0}
  m_PrefabAsset: {fileID: 0}
  m_GameObject: {fileID: 4689756009550013944}
  m_LocalRotation: {x: 0.45673352, y: -0.4567334, z: -0.53980964, w: 0.5398098}
  m_LocalPosition: {x: 0.209853, y: -0.0000000021865942, z: 0.022719476}
  m_LocalScale: {x: 1, y: 0.99999994, z: 0.99999994}
  m_Children: []
  m_Father: {fileID: 4692153192125447480}
  m_RootOrder: 3
  m_LocalEulerAnglesHint: {x: 0, y: 0, z: 0}
--- !u!1 &4689758414429537612
GameObject:
  m_ObjectHideFlags: 0
  m_CorrespondingSourceObject: {fileID: 0}
  m_PrefabInstance: {fileID: 0}
  m_PrefabAsset: {fileID: 0}
  serializedVersion: 6
  m_Component:
  - component: {fileID: 4691709930922151082}
  m_Layer: 0
  m_Name: DemonGirlRArmPalm
  m_TagString: Untagged
  m_Icon: {fileID: 0}
  m_NavMeshLayer: 0
  m_StaticEditorFlags: 0
  m_IsActive: 1
--- !u!4 &4691709930922151082
Transform:
  m_ObjectHideFlags: 0
  m_CorrespondingSourceObject: {fileID: 0}
  m_PrefabInstance: {fileID: 0}
  m_PrefabAsset: {fileID: 0}
  m_GameObject: {fileID: 4689758414429537612}
  m_LocalRotation: {x: 0.6768868, y: 0.02059175, z: 0.04312477, w: 0.73453426}
  m_LocalPosition: {x: -0.27262512, y: 0.000000054836274, z: 0}
  m_LocalScale: {x: 1.0000091, y: 0.99999595, z: 0.99999595}
  m_Children:
  - {fileID: 4691718210028633388}
  - {fileID: 4691694676914268228}
  - {fileID: 4684565105941065188}
  - {fileID: 4684721506824989638}
  - {fileID: 4691761233406349440}
  m_Father: {fileID: 4684705135320312156}
  m_RootOrder: 0
  m_LocalEulerAnglesHint: {x: 0, y: 0, z: 0}
--- !u!1 &4689759153674042788
GameObject:
  m_ObjectHideFlags: 0
  m_CorrespondingSourceObject: {fileID: 0}
  m_PrefabInstance: {fileID: 0}
  m_PrefabAsset: {fileID: 0}
  serializedVersion: 6
  m_Component:
  - component: {fileID: 4691819552377261720}
  m_Layer: 0
  m_Name: DemonGirlSpine2
  m_TagString: Untagged
  m_Icon: {fileID: 0}
  m_NavMeshLayer: 0
  m_StaticEditorFlags: 0
  m_IsActive: 1
--- !u!4 &4691819552377261720
Transform:
  m_ObjectHideFlags: 0
  m_CorrespondingSourceObject: {fileID: 0}
  m_PrefabInstance: {fileID: 0}
  m_PrefabAsset: {fileID: 0}
  m_GameObject: {fileID: 4689759153674042788}
  m_LocalRotation: {x: -0.00000000847586, y: 0.00000004497094, z: 0.17831619, w: 0.98397326}
  m_LocalPosition: {x: -0.122123346, y: 0, z: 0}
  m_LocalScale: {x: 1.0000005, y: 1.0000005, z: 1.0000001}
  m_Children:
  - {fileID: 4692038054090153968}
  m_Father: {fileID: 4684413155703175608}
  m_RootOrder: 0
  m_LocalEulerAnglesHint: {x: 0, y: 0, z: 0}
--- !u!1 &4689795836458577372
GameObject:
  m_ObjectHideFlags: 0
  m_CorrespondingSourceObject: {fileID: 0}
  m_PrefabInstance: {fileID: 0}
  m_PrefabAsset: {fileID: 0}
  serializedVersion: 6
  m_Component:
  - component: {fileID: 4684651970433015016}
  - component: {fileID: 4682290033150107764}
  m_Layer: 0
  m_Name: Plane001
  m_TagString: Untagged
  m_Icon: {fileID: 0}
  m_NavMeshLayer: 0
  m_StaticEditorFlags: 0
  m_IsActive: 1
--- !u!4 &4684651970433015016
Transform:
  m_ObjectHideFlags: 0
  m_CorrespondingSourceObject: {fileID: 0}
  m_PrefabInstance: {fileID: 0}
  m_PrefabAsset: {fileID: 0}
  m_GameObject: {fileID: 4689795836458577372}
  m_LocalRotation: {x: -0.50000006, y: 0.49999997, z: 0.49999997, w: 0.50000006}
  m_LocalPosition: {x: -0.000000009356469, y: 1.8646913, z: -0.19895914}
  m_LocalScale: {x: 1, y: 1, z: 1}
  m_Children: []
  m_Father: {fileID: 4692153192125447480}
  m_RootOrder: 8
  m_LocalEulerAnglesHint: {x: 0, y: 0, z: 0}
--- !u!137 &4682290033150107764
SkinnedMeshRenderer:
  m_ObjectHideFlags: 0
  m_CorrespondingSourceObject: {fileID: 0}
  m_PrefabInstance: {fileID: 0}
  m_PrefabAsset: {fileID: 0}
  m_GameObject: {fileID: 4689795836458577372}
  m_Enabled: 1
  m_CastShadows: 1
  m_ReceiveShadows: 1
  m_DynamicOccludee: 1
  m_MotionVectors: 1
  m_LightProbeUsage: 1
  m_ReflectionProbeUsage: 1
  m_RayTracingMode: 0
  m_RenderingLayerMask: 1
  m_RendererPriority: 0
  m_Materials:
  - {fileID: 2100000, guid: cadd5e23ac0333f448cd7ceee9f15865, type: 2}
  m_StaticBatchInfo:
    firstSubMesh: 0
    subMeshCount: 0
  m_StaticBatchRoot: {fileID: 0}
  m_ProbeAnchor: {fileID: 0}
  m_LightProbeVolumeOverride: {fileID: 0}
  m_ScaleInLightmap: 1
  m_ReceiveGI: 1
  m_PreserveUVs: 0
  m_IgnoreNormalsForChartDetection: 0
  m_ImportantGI: 0
  m_StitchLightmapSeams: 0
  m_SelectedEditorRenderState: 3
  m_MinimumChartSize: 4
  m_AutoUVMaxDistance: 0.5
  m_AutoUVMaxAngle: 89
  m_LightmapParameters: {fileID: 0}
  m_SortingLayerID: 0
  m_SortingLayer: 0
  m_SortingOrder: 0
  serializedVersion: 2
  m_Quality: 0
  m_UpdateWhenOffscreen: 0
  m_SkinnedMotionVectors: 1
  m_Mesh: {fileID: 4300010, guid: d3b617d4c5387004fa355973611faee7, type: 3}
  m_Bones:
  - {fileID: 4684715150629589336}
  - {fileID: 4684561100994409826}
  - {fileID: 4691861436052418656}
  - {fileID: 4691688484978353836}
  - {fileID: 4684420818854171534}
  m_BlendShapeWeights: []
  m_RootBone: {fileID: 4684715150629589336}
  m_AABB:
    m_Center: {x: -0.110404804, y: -0.13152531, z: 0.00000011175871}
    m_Extent: {x: 0.11833632, y: 0.21201873, z: 0.08123127}
  m_DirtyAABB: 0
--- !u!1 &4689797038038994672
GameObject:
  m_ObjectHideFlags: 0
  m_CorrespondingSourceObject: {fileID: 0}
  m_PrefabInstance: {fileID: 0}
  m_PrefabAsset: {fileID: 0}
  serializedVersion: 6
  m_Component:
  - component: {fileID: 4691694676914268228}
  m_Layer: 0
  m_Name: DemonGirlRArmDigit21
  m_TagString: Untagged
  m_Icon: {fileID: 0}
  m_NavMeshLayer: 0
  m_StaticEditorFlags: 0
  m_IsActive: 1
--- !u!4 &4691694676914268228
Transform:
  m_ObjectHideFlags: 0
  m_CorrespondingSourceObject: {fileID: 0}
  m_PrefabInstance: {fileID: 0}
  m_PrefabAsset: {fileID: 0}
  m_GameObject: {fileID: 4689797038038994672}
  m_LocalRotation: {x: 0.008815961, y: -0.06738961, z: 0.48991838, w: 0.869115}
  m_LocalPosition: {x: -0.10798579, y: -0.0024194312, z: -0.029180877}
  m_LocalScale: {x: 1.0000106, y: 0.99999833, z: 0.9999912}
  m_Children:
  - {fileID: 4691959721372382856}
  m_Father: {fileID: 4691709930922151082}
  m_RootOrder: 1
  m_LocalEulerAnglesHint: {x: 0, y: 0, z: 0}
--- !u!1 &4689826575614559166
GameObject:
  m_ObjectHideFlags: 0
  m_CorrespondingSourceObject: {fileID: 0}
  m_PrefabInstance: {fileID: 0}
  m_PrefabAsset: {fileID: 0}
  serializedVersion: 6
  m_Component:
  - component: {fileID: 4684481394078653078}
  m_Layer: 0
  m_Name: DemonGirlLCollarbone
  m_TagString: Untagged
  m_Icon: {fileID: 0}
  m_NavMeshLayer: 0
  m_StaticEditorFlags: 0
  m_IsActive: 1
--- !u!4 &4684481394078653078
Transform:
  m_ObjectHideFlags: 0
  m_CorrespondingSourceObject: {fileID: 0}
  m_PrefabInstance: {fileID: 0}
  m_PrefabAsset: {fileID: 0}
  m_GameObject: {fileID: 4689826575614559166}
  m_LocalRotation: {x: 0.1067653, y: 0.74613994, z: 0.24439089, w: 0.61004055}
  m_LocalPosition: {x: 0.01809959, y: 0.062197812, z: 0.03139987}
  m_LocalScale: {x: 0.9999994, y: 1.0000001, z: 1.0000005}
  m_Children:
  - {fileID: 4684672368508860630}
  m_Father: {fileID: 4684603994743825978}
  m_RootOrder: 0
  m_LocalEulerAnglesHint: {x: 0, y: 0, z: 0}
--- !u!1 &4689848280476241026
GameObject:
  m_ObjectHideFlags: 0
  m_CorrespondingSourceObject: {fileID: 0}
  m_PrefabInstance: {fileID: 0}
  m_PrefabAsset: {fileID: 0}
  serializedVersion: 6
  m_Component:
  - component: {fileID: 4684669639296318944}
  m_Layer: 0
  m_Name: DemonGirlLDigit13
  m_TagString: Untagged
  m_Icon: {fileID: 0}
  m_NavMeshLayer: 0
  m_StaticEditorFlags: 0
  m_IsActive: 1
--- !u!4 &4684669639296318944
Transform:
  m_ObjectHideFlags: 0
  m_CorrespondingSourceObject: {fileID: 0}
  m_PrefabInstance: {fileID: 0}
  m_PrefabAsset: {fileID: 0}
  m_GameObject: {fileID: 4689848280476241026}
  m_LocalRotation: {x: -0.03494772, y: -0.1141736, z: -0.2402978, w: 0.9633276}
  m_LocalPosition: {x: -0.026699124, y: 0.000000027418137, z: -0.000000027418137}
  m_LocalScale: {x: 1.0000032, y: 1.0000077, z: 0.9999891}
  m_Children: []
  m_Father: {fileID: 4684602705934005754}
  m_RootOrder: 0
  m_LocalEulerAnglesHint: {x: 0, y: 0, z: 0}
--- !u!1 &4689872099837958722
GameObject:
  m_ObjectHideFlags: 0
  m_CorrespondingSourceObject: {fileID: 0}
  m_PrefabInstance: {fileID: 0}
  m_PrefabAsset: {fileID: 0}
  serializedVersion: 6
  m_Component:
  - component: {fileID: 4684540953400411052}
  m_Layer: 0
  m_Name: DemonGirlLDigit22
  m_TagString: Untagged
  m_Icon: {fileID: 0}
  m_NavMeshLayer: 0
  m_StaticEditorFlags: 0
  m_IsActive: 1
--- !u!4 &4684540953400411052
Transform:
  m_ObjectHideFlags: 0
  m_CorrespondingSourceObject: {fileID: 0}
  m_PrefabInstance: {fileID: 0}
  m_PrefabAsset: {fileID: 0}
  m_GameObject: {fileID: 4689872099837958722}
  m_LocalRotation: {x: -0.008662847, y: -0.067411065, z: 0.12216126, w: 0.99018043}
  m_LocalPosition: {x: -0.04237698, y: 0.0000000137090685, z: 0}
  m_LocalScale: {x: 1.0000017, y: 1.0000077, z: 0.9999914}
  m_Children:
  - {fileID: 4692058113106524712}
  m_Father: {fileID: 4691860681870250274}
  m_RootOrder: 0
  m_LocalEulerAnglesHint: {x: 0, y: 0, z: 0}
--- !u!1 &4689875946440572574
GameObject:
  m_ObjectHideFlags: 0
  m_CorrespondingSourceObject: {fileID: 0}
  m_PrefabInstance: {fileID: 0}
  m_PrefabAsset: {fileID: 0}
  serializedVersion: 6
  m_Component:
  - component: {fileID: 4684495936298171902}
  m_Layer: 0
  m_Name: DemonGirlRArmDigit33
  m_TagString: Untagged
  m_Icon: {fileID: 0}
  m_NavMeshLayer: 0
  m_StaticEditorFlags: 0
  m_IsActive: 1
--- !u!4 &4684495936298171902
Transform:
  m_ObjectHideFlags: 0
  m_CorrespondingSourceObject: {fileID: 0}
  m_PrefabInstance: {fileID: 0}
  m_PrefabAsset: {fileID: 0}
  m_GameObject: {fileID: 4689875946440572574}
  m_LocalRotation: {x: -0.004507516, y: -0.015364499, z: 0.2580809, w: 0.96599066}
  m_LocalPosition: {x: -0.037681844, y: 0, z: 0}
  m_LocalScale: {x: 0.99999845, y: 1.0000103, z: 0.99999166}
  m_Children: []
  m_Father: {fileID: 4684610119936879830}
  m_RootOrder: 0
  m_LocalEulerAnglesHint: {x: 0, y: 0, z: 0}
--- !u!1 &4689876322382727208
GameObject:
  m_ObjectHideFlags: 0
  m_CorrespondingSourceObject: {fileID: 0}
  m_PrefabInstance: {fileID: 0}
  m_PrefabAsset: {fileID: 0}
  serializedVersion: 6
  m_Component:
  - component: {fileID: 4691684854526677496}
  m_Layer: 0
  m_Name: DemonGirlLDigit42
  m_TagString: Untagged
  m_Icon: {fileID: 0}
  m_NavMeshLayer: 0
  m_StaticEditorFlags: 0
  m_IsActive: 1
--- !u!4 &4691684854526677496
Transform:
  m_ObjectHideFlags: 0
  m_CorrespondingSourceObject: {fileID: 0}
  m_PrefabInstance: {fileID: 0}
  m_PrefabAsset: {fileID: 0}
  m_GameObject: {fileID: 4689876322382727208}
  m_LocalRotation: {x: 0.01941466, y: 0.07160849, z: 0.2921577, w: 0.95348793}
  m_LocalPosition: {x: -0.027438153, y: -0.000000027418137, z: 0.0000000137090685}
  m_LocalScale: {x: 1.0000021, y: 1.0000064, z: 0.99999166}
  m_Children:
  - {fileID: 4691637280630461582}
  m_Father: {fileID: 4691757589500747264}
  m_RootOrder: 0
  m_LocalEulerAnglesHint: {x: 0, y: 0, z: 0}
--- !u!1 &4689888949807654838
GameObject:
  m_ObjectHideFlags: 0
  m_CorrespondingSourceObject: {fileID: 0}
  m_PrefabInstance: {fileID: 0}
  m_PrefabAsset: {fileID: 0}
  serializedVersion: 6
  m_Component:
  - component: {fileID: 4692106458387318616}
  m_Layer: 0
  m_Name: DemonGirlRLegCalf
  m_TagString: Untagged
  m_Icon: {fileID: 0}
  m_NavMeshLayer: 0
  m_StaticEditorFlags: 0
  m_IsActive: 1
--- !u!4 &4692106458387318616
Transform:
  m_ObjectHideFlags: 0
  m_CorrespondingSourceObject: {fileID: 0}
  m_PrefabInstance: {fileID: 0}
  m_PrefabAsset: {fileID: 0}
  m_GameObject: {fileID: 4689888949807654838}
  m_LocalRotation: {x: -0.0018912156, y: -0.063665725, z: 0.27740684, w: 0.95863897}
  m_LocalPosition: {x: -0.4706024, y: 0.00000084996225, z: 0.0000004386902}
  m_LocalScale: {x: 1.0000012, y: 0.99999976, z: 0.99999857}
  m_Children:
  - {fileID: 4684705178851277368}
  m_Father: {fileID: 4691806705811671496}
  m_RootOrder: 0
  m_LocalEulerAnglesHint: {x: 0, y: 0, z: 0}
--- !u!1 &4689906097525720878
GameObject:
  m_ObjectHideFlags: 0
  m_CorrespondingSourceObject: {fileID: 0}
  m_PrefabInstance: {fileID: 0}
  m_PrefabAsset: {fileID: 0}
  serializedVersion: 6
  m_Component:
  - component: {fileID: 4691959721372382856}
  m_Layer: 0
  m_Name: DemonGirlRArmDigit22
  m_TagString: Untagged
  m_Icon: {fileID: 0}
  m_NavMeshLayer: 0
  m_StaticEditorFlags: 0
  m_IsActive: 1
--- !u!4 &4691959721372382856
Transform:
  m_ObjectHideFlags: 0
  m_CorrespondingSourceObject: {fileID: 0}
  m_PrefabInstance: {fileID: 0}
  m_PrefabAsset: {fileID: 0}
  m_GameObject: {fileID: 4689906097525720878}
  m_LocalRotation: {x: 0.018199727, y: 0.055497833, z: 0.3060484, w: 0.95022273}
  m_LocalPosition: {x: -0.04237709, y: -0.000000027418137, z: 0}
  m_LocalScale: {x: 1.0000002, y: 1.000008, z: 0.999992}
  m_Children:
  - {fileID: 4691742282589392986}
  m_Father: {fileID: 4691694676914268228}
  m_RootOrder: 0
  m_LocalEulerAnglesHint: {x: 0, y: 0, z: 0}
--- !u!1 &4689912492343071848
GameObject:
  m_ObjectHideFlags: 0
  m_CorrespondingSourceObject: {fileID: 0}
  m_PrefabInstance: {fileID: 0}
  m_PrefabAsset: {fileID: 0}
  serializedVersion: 6
  m_Component:
  - component: {fileID: 4691703506726011666}
  m_Layer: 0
  m_Name: DemonGirlTail1
  m_TagString: Untagged
  m_Icon: {fileID: 0}
  m_NavMeshLayer: 0
  m_StaticEditorFlags: 0
  m_IsActive: 1
--- !u!4 &4691703506726011666
Transform:
  m_ObjectHideFlags: 0
  m_CorrespondingSourceObject: {fileID: 0}
  m_PrefabInstance: {fileID: 0}
  m_PrefabAsset: {fileID: 0}
  m_GameObject: {fileID: 4689912492343071848}
  m_LocalRotation: {x: 0.00000018579628, y: -0.00000010961265, z: 0.86120105, w: 0.5082645}
  m_LocalPosition: {x: -0.06036783, y: -0.07093145, z: 3.4473488e-10}
  m_LocalScale: {x: 1.0000001, y: 1, z: 1}
  m_Children:
  - {fileID: 4684744837280113640}
  m_Father: {fileID: 4684451360427016758}
  m_RootOrder: 3
  m_LocalEulerAnglesHint: {x: 0, y: 0, z: 0}
--- !u!1 &4689918347454004968
GameObject:
  m_ObjectHideFlags: 0
  m_CorrespondingSourceObject: {fileID: 0}
  m_PrefabInstance: {fileID: 0}
  m_PrefabAsset: {fileID: 0}
  serializedVersion: 6
  m_Component:
  - component: {fileID: 4684705135320312156}
  m_Layer: 0
  m_Name: DemonGirlRArmForearm
  m_TagString: Untagged
  m_Icon: {fileID: 0}
  m_NavMeshLayer: 0
  m_StaticEditorFlags: 0
  m_IsActive: 1
--- !u!4 &4684705135320312156
Transform:
  m_ObjectHideFlags: 0
  m_CorrespondingSourceObject: {fileID: 0}
  m_PrefabInstance: {fileID: 0}
  m_PrefabAsset: {fileID: 0}
  m_GameObject: {fileID: 4689918347454004968}
  m_LocalRotation: {x: 0.014624841, y: 0.036409184, z: -0.36457697, w: 0.93034625}
  m_LocalPosition: {x: -0.2850157, y: 0, z: 0.000000054836274}
  m_LocalScale: {x: 1.0000031, y: 0.99999696, z: 0.9999997}
  m_Children:
  - {fileID: 4691709930922151082}
  m_Father: {fileID: 4691956172545662968}
  m_RootOrder: 0
  m_LocalEulerAnglesHint: {x: 0, y: 0, z: 0}
--- !u!1 &4689922751177477414
GameObject:
  m_ObjectHideFlags: 0
  m_CorrespondingSourceObject: {fileID: 0}
  m_PrefabInstance: {fileID: 0}
  m_PrefabAsset: {fileID: 0}
  serializedVersion: 6
  m_Component:
  - component: {fileID: 4692058113106524712}
  m_Layer: 0
  m_Name: DemonGirlLDigit23
  m_TagString: Untagged
  m_Icon: {fileID: 0}
  m_NavMeshLayer: 0
  m_StaticEditorFlags: 0
  m_IsActive: 1
--- !u!4 &4692058113106524712
Transform:
  m_ObjectHideFlags: 0
  m_CorrespondingSourceObject: {fileID: 0}
  m_PrefabInstance: {fileID: 0}
  m_PrefabAsset: {fileID: 0}
  m_GameObject: {fileID: 4689922751177477414}
  m_LocalRotation: {x: 0.00000008528962, y: -0.0000001552075, z: 0.113910615, w: 0.993491}
  m_LocalPosition: {x: -0.025252378, y: 0, z: 0.000000027418137}
  m_LocalScale: {x: 1.0000007, y: 1.000008, z: 0.99999183}
  m_Children: []
  m_Father: {fileID: 4684540953400411052}
  m_RootOrder: 0
  m_LocalEulerAnglesHint: {x: 0, y: 0, z: 0}
--- !u!1 &4689924115952249868
GameObject:
  m_ObjectHideFlags: 0
  m_CorrespondingSourceObject: {fileID: 0}
  m_PrefabInstance: {fileID: 0}
  m_PrefabAsset: {fileID: 0}
  serializedVersion: 6
  m_Component:
  - component: {fileID: 4684561100994409826}
  m_Layer: 0
  m_Name: DemonGirlTail3
  m_TagString: Untagged
  m_Icon: {fileID: 0}
  m_NavMeshLayer: 0
  m_StaticEditorFlags: 0
  m_IsActive: 1
--- !u!4 &4684561100994409826
Transform:
  m_ObjectHideFlags: 0
  m_CorrespondingSourceObject: {fileID: 0}
  m_PrefabInstance: {fileID: 0}
  m_PrefabAsset: {fileID: 0}
  m_GameObject: {fileID: 4689924115952249868}
  m_LocalRotation: {x: 0.000000025542752, y: -0.000000008216393, z: 0.4375198, w: 0.8992088}
  m_LocalPosition: {x: -0.06937348, y: 0, z: -2.0918379e-13}
  m_LocalScale: {x: 1, y: 1.0000002, z: 1}
  m_Children:
  - {fileID: 4691688484978353836}
  m_Father: {fileID: 4691861436052418656}
  m_RootOrder: 0
  m_LocalEulerAnglesHint: {x: 0, y: 0, z: 0}
--- !u!1 &4689934748388399012
GameObject:
  m_ObjectHideFlags: 0
  m_CorrespondingSourceObject: {fileID: 0}
  m_PrefabInstance: {fileID: 0}
  m_PrefabAsset: {fileID: 0}
  serializedVersion: 6
  m_Component:
  - component: {fileID: 4691887789397554220}
  m_Layer: 0
  m_Name: DemonGirlLDigit11
  m_TagString: Untagged
  m_Icon: {fileID: 0}
  m_NavMeshLayer: 0
  m_StaticEditorFlags: 0
  m_IsActive: 1
--- !u!4 &4691887789397554220
Transform:
  m_ObjectHideFlags: 0
  m_CorrespondingSourceObject: {fileID: 0}
  m_PrefabInstance: {fileID: 0}
  m_PrefabAsset: {fileID: 0}
  m_GameObject: {fileID: 4689934748388399012}
  m_LocalRotation: {x: -0.007483626, y: -0.027538009, z: 0.50102025, w: 0.86496496}
  m_LocalPosition: {x: -0.0028267002, y: -0.02096961, z: 0.02396973}
  m_LocalScale: {x: 1.0000107, y: 0.99999785, z: 0.9999918}
  m_Children:
  - {fileID: 4684602705934005754}
  m_Father: {fileID: 4684613158269641288}
  m_RootOrder: 0
  m_LocalEulerAnglesHint: {x: 0, y: 0, z: 0}
--- !u!1 &4689945288455630984
GameObject:
  m_ObjectHideFlags: 0
  m_CorrespondingSourceObject: {fileID: 0}
  m_PrefabInstance: {fileID: 0}
  m_PrefabAsset: {fileID: 0}
  serializedVersion: 6
  m_Component:
  - component: {fileID: 4691628355723465710}
  m_Layer: 0
  m_Name: DemonGirlLDigit33
  m_TagString: Untagged
  m_Icon: {fileID: 0}
  m_NavMeshLayer: 0
  m_StaticEditorFlags: 0
  m_IsActive: 1
--- !u!4 &4691628355723465710
Transform:
  m_ObjectHideFlags: 0
  m_CorrespondingSourceObject: {fileID: 0}
  m_PrefabInstance: {fileID: 0}
  m_PrefabAsset: {fileID: 0}
  m_GameObject: {fileID: 4689945288455630984}
  m_LocalRotation: {x: 0.00049613876, y: 0.013816414, z: 0.0719516, w: 0.9973123}
  m_LocalPosition: {x: -0.037681896, y: 0, z: 0.000000027418137}
  m_LocalScale: {x: 1.000001, y: 1.0000088, z: 0.99999076}
  m_Children: []
  m_Father: {fileID: 4692065031194473378}
  m_RootOrder: 0
  m_LocalEulerAnglesHint: {x: 0, y: 0, z: 0}
--- !u!1 &4689967566369207966
GameObject:
  m_ObjectHideFlags: 0
  m_CorrespondingSourceObject: {fileID: 0}
  m_PrefabInstance: {fileID: 0}
  m_PrefabAsset: {fileID: 0}
  serializedVersion: 6
  m_Component:
  - component: {fileID: 4684796923602548180}
  m_Layer: 0
  m_Name: DemonGirlRArmDigit42
  m_TagString: Untagged
  m_Icon: {fileID: 0}
  m_NavMeshLayer: 0
  m_StaticEditorFlags: 0
  m_IsActive: 1
--- !u!4 &4684796923602548180
Transform:
  m_ObjectHideFlags: 0
  m_CorrespondingSourceObject: {fileID: 0}
  m_PrefabInstance: {fileID: 0}
  m_PrefabAsset: {fileID: 0}
  m_GameObject: {fileID: 4689967566369207966}
  m_LocalRotation: {x: -0.02795669, y: -0.05731236, z: 0.46624473, w: 0.88235456}
  m_LocalPosition: {x: -0.027438097, y: 0.000000027418137, z: 0}
  m_LocalScale: {x: 1.0000031, y: 1.0000056, z: 0.999991}
  m_Children:
  - {fileID: 4684340118645511496}
  m_Father: {fileID: 4684721506824989638}
  m_RootOrder: 0
  m_LocalEulerAnglesHint: {x: 0, y: 0, z: 0}
--- !u!1 &4689976751628926414
GameObject:
  m_ObjectHideFlags: 0
  m_CorrespondingSourceObject: {fileID: 0}
  m_PrefabInstance: {fileID: 0}
  m_PrefabAsset: {fileID: 0}
  serializedVersion: 6
  m_Component:
  - component: {fileID: 4684729676219458368}
  m_Layer: 0
  m_Name: DemonGirlRArmDigit12
  m_TagString: Untagged
  m_Icon: {fileID: 0}
  m_NavMeshLayer: 0
  m_StaticEditorFlags: 0
  m_IsActive: 1
--- !u!4 &4684729676219458368
Transform:
  m_ObjectHideFlags: 0
  m_CorrespondingSourceObject: {fileID: 0}
  m_PrefabInstance: {fileID: 0}
  m_PrefabAsset: {fileID: 0}
  m_GameObject: {fileID: 4689976751628926414}
  m_LocalRotation: {x: -0.002914606, y: -0.017623696, z: -0.23051302, w: 0.9729053}
  m_LocalPosition: {x: -0.04229741, y: 0, z: 0}
  m_LocalScale: {x: 0.9999995, y: 1.0000083, z: 0.9999927}
  m_Children:
  - {fileID: 4684475318313991056}
  m_Father: {fileID: 4691718210028633388}
  m_RootOrder: 0
  m_LocalEulerAnglesHint: {x: 0, y: 0, z: 0}
--- !u!1 &4689989621601296078
GameObject:
  m_ObjectHideFlags: 0
  m_CorrespondingSourceObject: {fileID: 0}
  m_PrefabInstance: {fileID: 0}
  m_PrefabAsset: {fileID: 0}
  serializedVersion: 6
  m_Component:
  - component: {fileID: 4684744837280113640}
  m_Layer: 0
  m_Name: DemonGirlTail2
  m_TagString: Untagged
  m_Icon: {fileID: 0}
  m_NavMeshLayer: 0
  m_StaticEditorFlags: 0
  m_IsActive: 1
--- !u!4 &4684744837280113640
Transform:
  m_ObjectHideFlags: 0
  m_CorrespondingSourceObject: {fileID: 0}
  m_PrefabInstance: {fileID: 0}
  m_PrefabAsset: {fileID: 0}
  m_GameObject: {fileID: 4689989621601296078}
  m_LocalRotation: {x: -0.00000016093153, y: 0.0000002921032, z: -0.29026338, w: 0.9569468}
  m_LocalPosition: {x: -0.10369435, y: 0, z: 5.2295946e-14}
  m_LocalScale: {x: 1.0000002, y: 0.99999994, z: 1}
  m_Children: []
  m_Father: {fileID: 4691703506726011666}
  m_RootOrder: 0
  m_LocalEulerAnglesHint: {x: 0, y: 0, z: 0}
--- !u!1 &4689997659932305534
GameObject:
  m_ObjectHideFlags: 0
  m_CorrespondingSourceObject: {fileID: 0}
  m_PrefabInstance: {fileID: 0}
  m_PrefabAsset: {fileID: 0}
  serializedVersion: 6
  m_Component:
  - component: {fileID: 4684721506824989638}
  m_Layer: 0
  m_Name: DemonGirlRArmDigit41
  m_TagString: Untagged
  m_Icon: {fileID: 0}
  m_NavMeshLayer: 0
  m_StaticEditorFlags: 0
  m_IsActive: 1
--- !u!4 &4684721506824989638
Transform:
  m_ObjectHideFlags: 0
  m_CorrespondingSourceObject: {fileID: 0}
  m_PrefabInstance: {fileID: 0}
  m_PrefabAsset: {fileID: 0}
  m_GameObject: {fileID: 4689997659932305534}
  m_LocalRotation: {x: 0.013866359, y: 0.11792228, z: 0.42087525, w: 0.8993142}
  m_LocalPosition: {x: -0.0984849, y: -0.0024521137, z: 0.045647718}
  m_LocalScale: {x: 1.000009, y: 1.0000006, z: 0.99999046}
  m_Children:
  - {fileID: 4684796923602548180}
  m_Father: {fileID: 4691709930922151082}
  m_RootOrder: 3
  m_LocalEulerAnglesHint: {x: 0, y: 0, z: 0}
--- !u!1 &4689998215633647010
GameObject:
  m_ObjectHideFlags: 0
  m_CorrespondingSourceObject: {fileID: 0}
  m_PrefabInstance: {fileID: 0}
  m_PrefabAsset: {fileID: 0}
  serializedVersion: 6
  m_Component:
  - component: {fileID: 4691860681870250274}
  m_Layer: 0
  m_Name: DemonGirlLDigit21
  m_TagString: Untagged
  m_Icon: {fileID: 0}
  m_NavMeshLayer: 0
  m_StaticEditorFlags: 0
  m_IsActive: 1
--- !u!4 &4691860681870250274
Transform:
  m_ObjectHideFlags: 0
  m_CorrespondingSourceObject: {fileID: 0}
  m_PrefabInstance: {fileID: 0}
  m_PrefabAsset: {fileID: 0}
  m_GameObject: {fileID: 4689998215633647010}
  m_LocalRotation: {x: -0.021325, y: 0.06453191, z: 0.3178345, w: 0.94570726}
  m_LocalPosition: {x: -0.10798595, y: -0.0024194862, z: 0.029180849}
  m_LocalScale: {x: 1.0000061, y: 1.0000023, z: 0.99999195}
  m_Children:
  - {fileID: 4684540953400411052}
  m_Father: {fileID: 4684613158269641288}
  m_RootOrder: 1
  m_LocalEulerAnglesHint: {x: 0, y: 0, z: 0}
--- !u!1 &4690057556600794034
GameObject:
  m_ObjectHideFlags: 0
  m_CorrespondingSourceObject: {fileID: 0}
  m_PrefabInstance: {fileID: 0}
  m_PrefabAsset: {fileID: 0}
  serializedVersion: 6
  m_Component:
  - component: {fileID: 4692047374310229196}
  - component: {fileID: 4680572701695457024}
  m_Layer: 0
  m_Name: DG_SKIN_pelvisarmor
  m_TagString: Untagged
  m_Icon: {fileID: 0}
  m_NavMeshLayer: 0
  m_StaticEditorFlags: 0
  m_IsActive: 1
--- !u!4 &4692047374310229196
Transform:
  m_ObjectHideFlags: 0
  m_CorrespondingSourceObject: {fileID: 0}
  m_PrefabInstance: {fileID: 0}
  m_PrefabAsset: {fileID: 0}
  m_GameObject: {fileID: 4690057556600794034}
  m_LocalRotation: {x: -0.7071068, y: 0, z: -0, w: 0.7071068}
  m_LocalPosition: {x: -0, y: 1.0460883, z: 0.000000045725972}
  m_LocalScale: {x: 1, y: 1, z: 1}
  m_Children: []
  m_Father: {fileID: 4692153192125447480}
  m_RootOrder: 6
  m_LocalEulerAnglesHint: {x: 0, y: 0, z: 0}
--- !u!137 &4680572701695457024
SkinnedMeshRenderer:
  m_ObjectHideFlags: 0
  m_CorrespondingSourceObject: {fileID: 0}
  m_PrefabInstance: {fileID: 0}
  m_PrefabAsset: {fileID: 0}
  m_GameObject: {fileID: 4690057556600794034}
  m_Enabled: 1
  m_CastShadows: 1
  m_ReceiveShadows: 1
  m_DynamicOccludee: 1
  m_MotionVectors: 1
  m_LightProbeUsage: 1
  m_ReflectionProbeUsage: 1
  m_RayTracingMode: 0
  m_RenderingLayerMask: 1
  m_RendererPriority: 0
  m_Materials:
  - {fileID: 2100000, guid: c613367bf5c03aa4d8b861af9faba658, type: 2}
  m_StaticBatchInfo:
    firstSubMesh: 0
    subMeshCount: 0
  m_StaticBatchRoot: {fileID: 0}
  m_ProbeAnchor: {fileID: 0}
  m_LightProbeVolumeOverride: {fileID: 0}
  m_ScaleInLightmap: 1
  m_ReceiveGI: 1
  m_PreserveUVs: 0
  m_IgnoreNormalsForChartDetection: 0
  m_ImportantGI: 0
  m_StitchLightmapSeams: 0
  m_SelectedEditorRenderState: 3
  m_MinimumChartSize: 4
  m_AutoUVMaxDistance: 0.5
  m_AutoUVMaxAngle: 89
  m_LightmapParameters: {fileID: 0}
  m_SortingLayerID: 0
  m_SortingLayer: 0
  m_SortingOrder: 0
  serializedVersion: 2
  m_Quality: 0
  m_UpdateWhenOffscreen: 0
  m_SkinnedMotionVectors: 1
  m_Mesh: {fileID: 4300002, guid: d3b617d4c5387004fa355973611faee7, type: 3}
  m_Bones:
  - {fileID: 4684451360427016758}
  - {fileID: 4684413155703175608}
  - {fileID: 4684781328142552930}
  - {fileID: 4691806705811671496}
  - {fileID: 4691819552377261720}
  - {fileID: 4692038054090153968}
  - {fileID: 4691703506726011666}
  m_BlendShapeWeights: []
  m_RootBone: {fileID: 4684451360427016758}
  m_AABB:
    m_Center: {x: -0.049180187, y: 0.018657856, z: -0.0007360205}
    m_Extent: {x: 0.1779207, y: 0.17285132, z: 0.20464987}
  m_DirtyAABB: 0
--- !u!1 &4690067856339359190
GameObject:
  m_ObjectHideFlags: 0
  m_CorrespondingSourceObject: {fileID: 0}
  m_PrefabInstance: {fileID: 0}
  m_PrefabAsset: {fileID: 0}
  serializedVersion: 6
  m_Component:
  - component: {fileID: 4684503572609495964}
  m_Layer: 0
  m_Name: DemonGirlHead
  m_TagString: Untagged
  m_Icon: {fileID: 0}
  m_NavMeshLayer: 0
  m_StaticEditorFlags: 0
  m_IsActive: 1
--- !u!4 &4684503572609495964
Transform:
  m_ObjectHideFlags: 0
  m_CorrespondingSourceObject: {fileID: 0}
  m_PrefabInstance: {fileID: 0}
  m_PrefabAsset: {fileID: 0}
  m_GameObject: {fileID: 4690067856339359190}
  m_LocalRotation: {x: 0.0000000015268906, y: -0.00000002761086, z: -0.26246247, w: 0.9649422}
  m_LocalPosition: {x: -0.081968166, y: 0.000000054836274, z: 0}
  m_LocalScale: {x: 1, y: 1, z: 1.0000001}
  m_Children:
  - {fileID: 4684715150629589336}
  m_Father: {fileID: 4684662804387839880}
  m_RootOrder: 0
  m_LocalEulerAnglesHint: {x: 0, y: 0, z: 0}
--- !u!1 &4690077400028671088
GameObject:
  m_ObjectHideFlags: 0
  m_CorrespondingSourceObject: {fileID: 0}
  m_PrefabInstance: {fileID: 0}
  m_PrefabAsset: {fileID: 0}
  serializedVersion: 6
  m_Component:
  - component: {fileID: 4684602705934005754}
  m_Layer: 0
  m_Name: DemonGirlLDigit12
  m_TagString: Untagged
  m_Icon: {fileID: 0}
  m_NavMeshLayer: 0
  m_StaticEditorFlags: 0
  m_IsActive: 1
--- !u!4 &4684602705934005754
Transform:
  m_ObjectHideFlags: 0
  m_CorrespondingSourceObject: {fileID: 0}
  m_PrefabInstance: {fileID: 0}
  m_PrefabAsset: {fileID: 0}
  m_GameObject: {fileID: 4690077400028671088}
  m_LocalRotation: {x: 0.008079247, y: 0.015931709, z: 0.07271567, w: 0.99719274}
  m_LocalPosition: {x: -0.04229741, y: 0, z: -0.000000027418137}
  m_LocalScale: {x: 1.0000017, y: 1.0000077, z: 0.9999914}
  m_Children:
  - {fileID: 4684669639296318944}
  m_Father: {fileID: 4691887789397554220}
  m_RootOrder: 0
  m_LocalEulerAnglesHint: {x: 0, y: 0, z: 0}
--- !u!1 &4690082906796436258
GameObject:
  m_ObjectHideFlags: 0
  m_CorrespondingSourceObject: {fileID: 0}
  m_PrefabInstance: {fileID: 0}
  m_PrefabAsset: {fileID: 0}
  serializedVersion: 6
  m_Component:
  - component: {fileID: 4684420818854171534}
  m_Layer: 0
  m_Name: DemonGirlTail5
  m_TagString: Untagged
  m_Icon: {fileID: 0}
  m_NavMeshLayer: 0
  m_StaticEditorFlags: 0
  m_IsActive: 1
--- !u!4 &4684420818854171534
Transform:
  m_ObjectHideFlags: 0
  m_CorrespondingSourceObject: {fileID: 0}
  m_PrefabInstance: {fileID: 0}
  m_PrefabAsset: {fileID: 0}
  m_GameObject: {fileID: 4690082906796436258}
  m_LocalRotation: {x: -0.000000009858871, y: -0.00000006032132, z: -0.020026902,
    w: 0.99979943}
  m_LocalPosition: {x: -0.083582655, y: 0, z: 3.6607162e-13}
  m_LocalScale: {x: 0.99999994, y: 0.99999994, z: 0.9999999}
  m_Children: []
  m_Father: {fileID: 4691688484978353836}
  m_RootOrder: 0
  m_LocalEulerAnglesHint: {x: 0, y: 0, z: 0}
--- !u!1 &4690087501830782574
GameObject:
  m_ObjectHideFlags: 0
  m_CorrespondingSourceObject: {fileID: 0}
  m_PrefabInstance: {fileID: 0}
  m_PrefabAsset: {fileID: 0}
  serializedVersion: 6
  m_Component:
  - component: {fileID: 4684861973184558818}
  m_Layer: 0
  m_Name: DemonGirlLForearm
  m_TagString: Untagged
  m_Icon: {fileID: 0}
  m_NavMeshLayer: 0
  m_StaticEditorFlags: 0
  m_IsActive: 1
--- !u!4 &4684861973184558818
Transform:
  m_ObjectHideFlags: 0
  m_CorrespondingSourceObject: {fileID: 0}
  m_PrefabInstance: {fileID: 0}
  m_PrefabAsset: {fileID: 0}
  m_GameObject: {fileID: 4690087501830782574}
  m_LocalRotation: {x: -0.0146247465, y: -0.03640936, z: -0.36457694, w: 0.93034625}
  m_LocalPosition: {x: -0.2850157, y: 0, z: -0.000000054836274}
  m_LocalScale: {x: 1.0000032, y: 0.9999972, z: 1.0000002}
  m_Children:
  - {fileID: 4684613158269641288}
  m_Father: {fileID: 4684672368508860630}
  m_RootOrder: 0
  m_LocalEulerAnglesHint: {x: 0, y: 0, z: 0}
--- !u!1 &4690099608509924714
GameObject:
  m_ObjectHideFlags: 0
  m_CorrespondingSourceObject: {fileID: 0}
  m_PrefabInstance: {fileID: 0}
  m_PrefabAsset: {fileID: 0}
  serializedVersion: 6
  m_Component:
  - component: {fileID: 4684451360427016758}
  - component: {fileID: 4681226264915709052}
  m_Layer: 0
  m_Name: DemonGirlPelvis
  m_TagString: Untagged
  m_Icon: {fileID: 0}
  m_NavMeshLayer: 0
  m_StaticEditorFlags: 0
  m_IsActive: 1
--- !u!4 &4684451360427016758
Transform:
  m_ObjectHideFlags: 0
  m_CorrespondingSourceObject: {fileID: 0}
  m_PrefabInstance: {fileID: 0}
  m_PrefabAsset: {fileID: 0}
  m_GameObject: {fileID: 4690099608509924714}
  m_LocalRotation: {x: 0.49912265, y: -0.50086725, z: -0.4991312, w: 0.5008759}
  m_LocalPosition: {x: 0.000000049918704, y: 1.0155822, z: -0.029163027}
  m_LocalScale: {x: 1, y: 1, z: 1}
  m_Children:
  - {fileID: 4684781328142552930}
  - {fileID: 4691806705811671496}
  - {fileID: 4684413155703175608}
  - {fileID: 4691703506726011666}
  m_Father: {fileID: 4692153192125447480}
  m_RootOrder: 2
  m_LocalEulerAnglesHint: {x: 0, y: 0, z: 0}
--- !u!136 &4681226264915709052
CapsuleCollider:
  m_ObjectHideFlags: 0
  m_CorrespondingSourceObject: {fileID: 0}
  m_PrefabInstance: {fileID: 0}
  m_PrefabAsset: {fileID: 0}
  m_GameObject: {fileID: 4690099608509924714}
  m_Material: {fileID: 0}
  m_IsTrigger: 0
  m_Enabled: 1
  m_Radius: 0.12
  m_Height: 0.37
  m_Direction: 2
  m_Center: {x: -0.06, y: 0.04, z: 0}
--- !u!1 &4690100582041888470
GameObject:
  m_ObjectHideFlags: 0
  m_CorrespondingSourceObject: {fileID: 0}
  m_PrefabInstance: {fileID: 0}
  m_PrefabAsset: {fileID: 0}
  serializedVersion: 6
  m_Component:
  - component: {fileID: 4691713494945728406}
  - component: {fileID: 4682335649317626972}
  - component: {fileID: 4872428543878464652}
  m_Layer: 0
  m_Name: Extract5
  m_TagString: Untagged
  m_Icon: {fileID: 0}
  m_NavMeshLayer: 0
  m_StaticEditorFlags: 0
  m_IsActive: 1
--- !u!4 &4691713494945728406
Transform:
  m_ObjectHideFlags: 0
  m_CorrespondingSourceObject: {fileID: 0}
  m_PrefabInstance: {fileID: 0}
  m_PrefabAsset: {fileID: 0}
  m_GameObject: {fileID: 4690100582041888470}
  m_LocalRotation: {x: -0.7071068, y: 0, z: -0, w: 0.7071068}
  m_LocalPosition: {x: -0, y: 1.0460883, z: 0.000000045725972}
  m_LocalScale: {x: 1, y: 1, z: 1}
  m_Children: []
  m_Father: {fileID: 4692153192125447480}
  m_RootOrder: 7
  m_LocalEulerAnglesHint: {x: 0, y: 0, z: 0}
--- !u!137 &4682335649317626972
SkinnedMeshRenderer:
  m_ObjectHideFlags: 0
  m_CorrespondingSourceObject: {fileID: 0}
  m_PrefabInstance: {fileID: 0}
  m_PrefabAsset: {fileID: 0}
  m_GameObject: {fileID: 4690100582041888470}
  m_Enabled: 1
  m_CastShadows: 1
  m_ReceiveShadows: 1
  m_DynamicOccludee: 1
  m_MotionVectors: 1
  m_LightProbeUsage: 1
  m_ReflectionProbeUsage: 1
  m_RayTracingMode: 0
  m_RenderingLayerMask: 1
  m_RendererPriority: 0
  m_Materials:
  - {fileID: 2100000, guid: 1abe1ff80e2e6fa43b203b424c1ed3ff, type: 2}
  m_StaticBatchInfo:
    firstSubMesh: 0
    subMeshCount: 0
  m_StaticBatchRoot: {fileID: 0}
  m_ProbeAnchor: {fileID: 0}
  m_LightProbeVolumeOverride: {fileID: 0}
  m_ScaleInLightmap: 1
  m_ReceiveGI: 1
  m_PreserveUVs: 0
  m_IgnoreNormalsForChartDetection: 0
  m_ImportantGI: 0
  m_StitchLightmapSeams: 0
  m_SelectedEditorRenderState: 3
  m_MinimumChartSize: 4
  m_AutoUVMaxDistance: 0.5
  m_AutoUVMaxAngle: 89
  m_LightmapParameters: {fileID: 0}
  m_SortingLayerID: 0
  m_SortingLayer: 0
  m_SortingOrder: 0
  serializedVersion: 2
  m_Quality: 0
  m_UpdateWhenOffscreen: 0
  m_SkinnedMotionVectors: 1
  m_Mesh: {fileID: 4300004, guid: d3b617d4c5387004fa355973611faee7, type: 3}
  m_Bones:
  - {fileID: 4684451360427016758}
  - {fileID: 4691806705811671496}
  - {fileID: 4684781328142552930}
  - {fileID: 4692106458387318616}
  - {fileID: 4684558295064806762}
  - {fileID: 4684413155703175608}
  - {fileID: 4691703506726011666}
  m_BlendShapeWeights: []
  m_RootBone: {fileID: 4684451360427016758}
  m_AABB:
    m_Center: {x: 0.0018670559, y: -0.02022788, z: -0.43833047}
    m_Extent: {x: 0.10029788, y: 0.22321866, z: 0.5046195}
  m_DirtyAABB: 0
--- !u!183 &4872428543878464652
Cloth:
  m_ObjectHideFlags: 0
  m_CorrespondingSourceObject: {fileID: 0}
  m_PrefabInstance: {fileID: 0}
  m_PrefabAsset: {fileID: 0}
  m_GameObject: {fileID: 4690100582041888470}
  m_Enabled: 1
  m_StretchingStiffness: 1
  m_BendingStiffness: 0
  m_UseTethers: 1
  m_UseGravity: 1
  m_Damping: 0.2
  m_ExternalAcceleration: {x: 0, y: 0, z: 0}
  m_RandomAcceleration: {x: 0, y: 0, z: 0}
  m_WorldVelocityScale: 0.5
  m_WorldAccelerationScale: 0.5
  m_Friction: 0.5
  m_CollisionMassScale: 0
  m_UseContinuousCollision: 1
  m_UseVirtualParticles: 1
  m_SolverFrequency: 120
  m_SleepThreshold: 0.1
  m_Coefficients:
  - maxDistance: 0
    collisionSphereDistance: 3.4028235e+38
  - maxDistance: 0
    collisionSphereDistance: 3.4028235e+38
  - maxDistance: 0
    collisionSphereDistance: 3.4028235e+38
  - maxDistance: 0
    collisionSphereDistance: 3.4028235e+38
  - maxDistance: 0
    collisionSphereDistance: 3.4028235e+38
  - maxDistance: 0
    collisionSphereDistance: 3.4028235e+38
  - maxDistance: 3.4028235e+38
    collisionSphereDistance: 3.4028235e+38
  - maxDistance: 0
    collisionSphereDistance: 3.4028235e+38
  - maxDistance: 0
    collisionSphereDistance: 3.4028235e+38
  - maxDistance: 3.4028235e+38
    collisionSphereDistance: 3.4028235e+38
  - maxDistance: 3.4028235e+38
    collisionSphereDistance: 3.4028235e+38
  - maxDistance: 3.4028235e+38
    collisionSphereDistance: 3.4028235e+38
  - maxDistance: 3.4028235e+38
    collisionSphereDistance: 3.4028235e+38
  - maxDistance: 0
    collisionSphereDistance: 3.4028235e+38
  - maxDistance: 0
    collisionSphereDistance: 3.4028235e+38
  - maxDistance: 0
    collisionSphereDistance: 3.4028235e+38
  - maxDistance: 0
    collisionSphereDistance: 3.4028235e+38
  - maxDistance: 0
    collisionSphereDistance: 3.4028235e+38
  - maxDistance: 0
    collisionSphereDistance: 3.4028235e+38
  - maxDistance: 0
    collisionSphereDistance: 3.4028235e+38
  - maxDistance: 0
    collisionSphereDistance: 3.4028235e+38
  - maxDistance: 0
    collisionSphereDistance: 3.4028235e+38
  - maxDistance: 0
    collisionSphereDistance: 3.4028235e+38
  - maxDistance: 3.4028235e+38
    collisionSphereDistance: 3.4028235e+38
  - maxDistance: 3.4028235e+38
    collisionSphereDistance: 3.4028235e+38
  - maxDistance: 0
    collisionSphereDistance: 3.4028235e+38
  - maxDistance: 0
    collisionSphereDistance: 3.4028235e+38
  - maxDistance: 0
    collisionSphereDistance: 3.4028235e+38
  - maxDistance: 0
    collisionSphereDistance: 3.4028235e+38
  - maxDistance: 0
    collisionSphereDistance: 3.4028235e+38
  - maxDistance: 0
    collisionSphereDistance: 3.4028235e+38
  - maxDistance: 0
    collisionSphereDistance: 3.4028235e+38
  - maxDistance: 1
    collisionSphereDistance: 3.4028235e+38
  - maxDistance: 1
    collisionSphereDistance: 3.4028235e+38
  - maxDistance: 1
    collisionSphereDistance: 3.4028235e+38
  - maxDistance: 3.4028235e+38
    collisionSphereDistance: 3.4028235e+38
  - maxDistance: 3.4028235e+38
    collisionSphereDistance: 3.4028235e+38
  - maxDistance: 1
    collisionSphereDistance: 3.4028235e+38
  - maxDistance: 1
    collisionSphereDistance: 3.4028235e+38
  - maxDistance: 1
    collisionSphereDistance: 3.4028235e+38
  - maxDistance: 1
    collisionSphereDistance: 3.4028235e+38
  - maxDistance: 1
    collisionSphereDistance: 3.4028235e+38
  - maxDistance: 1
    collisionSphereDistance: 3.4028235e+38
  - maxDistance: 1
    collisionSphereDistance: 3.4028235e+38
  - maxDistance: 3.4028235e+38
    collisionSphereDistance: 3.4028235e+38
  - maxDistance: 3.4028235e+38
    collisionSphereDistance: 3.4028235e+38
  - maxDistance: 1
    collisionSphereDistance: 3.4028235e+38
  - maxDistance: 1
    collisionSphereDistance: 3.4028235e+38
  - maxDistance: 1
    collisionSphereDistance: 3.4028235e+38
  - maxDistance: 1
    collisionSphereDistance: 3.4028235e+38
  - maxDistance: 1
    collisionSphereDistance: 3.4028235e+38
  - maxDistance: 1
    collisionSphereDistance: 3.4028235e+38
  - maxDistance: 1
    collisionSphereDistance: 3.4028235e+38
  - maxDistance: 3.4028235e+38
    collisionSphereDistance: 3.4028235e+38
  - maxDistance: 3.4028235e+38
    collisionSphereDistance: 3.4028235e+38
  - maxDistance: 1
    collisionSphereDistance: 3.4028235e+38
  - maxDistance: 1
    collisionSphereDistance: 3.4028235e+38
  - maxDistance: 1
    collisionSphereDistance: 3.4028235e+38
  - maxDistance: 1
    collisionSphereDistance: 3.4028235e+38
  - maxDistance: 1
    collisionSphereDistance: 3.4028235e+38
  - maxDistance: 1
    collisionSphereDistance: 3.4028235e+38
  - maxDistance: 1
    collisionSphereDistance: 3.4028235e+38
  - maxDistance: 3.4028235e+38
    collisionSphereDistance: 3.4028235e+38
  - maxDistance: 1
    collisionSphereDistance: 3.4028235e+38
  - maxDistance: 1
    collisionSphereDistance: 3.4028235e+38
  - maxDistance: 1
    collisionSphereDistance: 3.4028235e+38
  - maxDistance: 1
    collisionSphereDistance: 3.4028235e+38
  - maxDistance: 1
    collisionSphereDistance: 3.4028235e+38
  - maxDistance: 2
    collisionSphereDistance: 3.4028235e+38
  - maxDistance: 2
    collisionSphereDistance: 3.4028235e+38
  - maxDistance: 2
    collisionSphereDistance: 3.4028235e+38
  - maxDistance: 2
    collisionSphereDistance: 3.4028235e+38
  - maxDistance: 2
    collisionSphereDistance: 3.4028235e+38
  - maxDistance: 2
    collisionSphereDistance: 3.4028235e+38
  - maxDistance: 2
    collisionSphereDistance: 3.4028235e+38
  - maxDistance: 2
    collisionSphereDistance: 3.4028235e+38
  - maxDistance: 2
    collisionSphereDistance: 3.4028235e+38
  - maxDistance: 2
    collisionSphereDistance: 3.4028235e+38
  - maxDistance: 2
    collisionSphereDistance: 3.4028235e+38
  - maxDistance: 2
    collisionSphereDistance: 3.4028235e+38
  - maxDistance: 2
    collisionSphereDistance: 3.4028235e+38
  - maxDistance: 2
    collisionSphereDistance: 3.4028235e+38
  - maxDistance: 2
    collisionSphereDistance: 3.4028235e+38
  - maxDistance: 2
    collisionSphereDistance: 3.4028235e+38
  - maxDistance: 2
    collisionSphereDistance: 3.4028235e+38
  - maxDistance: 2
    collisionSphereDistance: 3.4028235e+38
  - maxDistance: 2
    collisionSphereDistance: 3.4028235e+38
  - maxDistance: 2
    collisionSphereDistance: 3.4028235e+38
  - maxDistance: 2
    collisionSphereDistance: 3.4028235e+38
  - maxDistance: 2
    collisionSphereDistance: 3.4028235e+38
  - maxDistance: 2
    collisionSphereDistance: 3.4028235e+38
  - maxDistance: 2
    collisionSphereDistance: 3.4028235e+38
  - maxDistance: 2
    collisionSphereDistance: 3.4028235e+38
  - maxDistance: 2
    collisionSphereDistance: 3.4028235e+38
  - maxDistance: 2
    collisionSphereDistance: 3.4028235e+38
  - maxDistance: 2
    collisionSphereDistance: 3.4028235e+38
  - maxDistance: 2
    collisionSphereDistance: 3.4028235e+38
  - maxDistance: 2
    collisionSphereDistance: 3.4028235e+38
  - maxDistance: 2
    collisionSphereDistance: 3.4028235e+38
  - maxDistance: 2
    collisionSphereDistance: 3.4028235e+38
  - maxDistance: 2
    collisionSphereDistance: 3.4028235e+38
  - maxDistance: 2
    collisionSphereDistance: 3.4028235e+38
  - maxDistance: 2
    collisionSphereDistance: 3.4028235e+38
  - maxDistance: 2
    collisionSphereDistance: 3.4028235e+38
  - maxDistance: 2
    collisionSphereDistance: 3.4028235e+38
  - maxDistance: 2
    collisionSphereDistance: 3.4028235e+38
  - maxDistance: 2
    collisionSphereDistance: 3.4028235e+38
  - maxDistance: 2
    collisionSphereDistance: 3.4028235e+38
  - maxDistance: 2
    collisionSphereDistance: 3.4028235e+38
  - maxDistance: 0
    collisionSphereDistance: 3.4028235e+38
  - maxDistance: 0
    collisionSphereDistance: 3.4028235e+38
  - maxDistance: 0
    collisionSphereDistance: 3.4028235e+38
  - maxDistance: 0
    collisionSphereDistance: 3.4028235e+38
  - maxDistance: 0
    collisionSphereDistance: 3.4028235e+38
  - maxDistance: 0
    collisionSphereDistance: 3.4028235e+38
  - maxDistance: 0
    collisionSphereDistance: 3.4028235e+38
  - maxDistance: 0
    collisionSphereDistance: 3.4028235e+38
  - maxDistance: 0
    collisionSphereDistance: 3.4028235e+38
  - maxDistance: 0
    collisionSphereDistance: 3.4028235e+38
  - maxDistance: 0
    collisionSphereDistance: 3.4028235e+38
  - maxDistance: 0
    collisionSphereDistance: 3.4028235e+38
  - maxDistance: 0
    collisionSphereDistance: 3.4028235e+38
  - maxDistance: 0
    collisionSphereDistance: 3.4028235e+38
  - maxDistance: 0
    collisionSphereDistance: 3.4028235e+38
  - maxDistance: 0
    collisionSphereDistance: 3.4028235e+38
  - maxDistance: 0
    collisionSphereDistance: 3.4028235e+38
  - maxDistance: 0
    collisionSphereDistance: 3.4028235e+38
  - maxDistance: 0
    collisionSphereDistance: 3.4028235e+38
  - maxDistance: 0
    collisionSphereDistance: 3.4028235e+38
  - maxDistance: 0
    collisionSphereDistance: 3.4028235e+38
  - maxDistance: 0
    collisionSphereDistance: 3.4028235e+38
  - maxDistance: 0
    collisionSphereDistance: 3.4028235e+38
  - maxDistance: 0
    collisionSphereDistance: 3.4028235e+38
  - maxDistance: 0
    collisionSphereDistance: 3.4028235e+38
  - maxDistance: 0
    collisionSphereDistance: 3.4028235e+38
  - maxDistance: 3.4028235e+38
    collisionSphereDistance: 3.4028235e+38
  - maxDistance: 1
    collisionSphereDistance: 3.4028235e+38
  - maxDistance: 3.4028235e+38
    collisionSphereDistance: 3.4028235e+38
  - maxDistance: 0
    collisionSphereDistance: 3.4028235e+38
  - maxDistance: 0
    collisionSphereDistance: 3.4028235e+38
  - maxDistance: 1
    collisionSphereDistance: 3.4028235e+38
  - maxDistance: 1
    collisionSphereDistance: 3.4028235e+38
  - maxDistance: 1
    collisionSphereDistance: 3.4028235e+38
  - maxDistance: 1
    collisionSphereDistance: 3.4028235e+38
  - maxDistance: 1
    collisionSphereDistance: 3.4028235e+38
  - maxDistance: 1
    collisionSphereDistance: 3.4028235e+38
  - maxDistance: 1
    collisionSphereDistance: 3.4028235e+38
  - maxDistance: 1
    collisionSphereDistance: 3.4028235e+38
  - maxDistance: 1
    collisionSphereDistance: 3.4028235e+38
  - maxDistance: 1
    collisionSphereDistance: 3.4028235e+38
  - maxDistance: 1
    collisionSphereDistance: 3.4028235e+38
  - maxDistance: 1
    collisionSphereDistance: 3.4028235e+38
  - maxDistance: 1
    collisionSphereDistance: 3.4028235e+38
  - maxDistance: 1
    collisionSphereDistance: 3.4028235e+38
  - maxDistance: 1
    collisionSphereDistance: 3.4028235e+38
  - maxDistance: 1
    collisionSphereDistance: 3.4028235e+38
  - maxDistance: 1
    collisionSphereDistance: 3.4028235e+38
  - maxDistance: 1
    collisionSphereDistance: 3.4028235e+38
  - maxDistance: 1
    collisionSphereDistance: 3.4028235e+38
  - maxDistance: 1
    collisionSphereDistance: 3.4028235e+38
  - maxDistance: 1
    collisionSphereDistance: 3.4028235e+38
  - maxDistance: 1
    collisionSphereDistance: 3.4028235e+38
  - maxDistance: 1
    collisionSphereDistance: 3.4028235e+38
  - maxDistance: 1
    collisionSphereDistance: 3.4028235e+38
  - maxDistance: 1
    collisionSphereDistance: 3.4028235e+38
  - maxDistance: 1
    collisionSphereDistance: 3.4028235e+38
  - maxDistance: 1
    collisionSphereDistance: 3.4028235e+38
  - maxDistance: 1
    collisionSphereDistance: 3.4028235e+38
  - maxDistance: 2
    collisionSphereDistance: 3.4028235e+38
  - maxDistance: 2
    collisionSphereDistance: 3.4028235e+38
  - maxDistance: 2
    collisionSphereDistance: 3.4028235e+38
  - maxDistance: 2
    collisionSphereDistance: 3.4028235e+38
  - maxDistance: 2
    collisionSphereDistance: 3.4028235e+38
  - maxDistance: 2
    collisionSphereDistance: 3.4028235e+38
  - maxDistance: 2
    collisionSphereDistance: 3.4028235e+38
  - maxDistance: 2
    collisionSphereDistance: 3.4028235e+38
  - maxDistance: 2
    collisionSphereDistance: 3.4028235e+38
  - maxDistance: 2
    collisionSphereDistance: 3.4028235e+38
  - maxDistance: 2
    collisionSphereDistance: 3.4028235e+38
  - maxDistance: 2
    collisionSphereDistance: 3.4028235e+38
  - maxDistance: 2
    collisionSphereDistance: 3.4028235e+38
  - maxDistance: 2
    collisionSphereDistance: 3.4028235e+38
  - maxDistance: 2
    collisionSphereDistance: 3.4028235e+38
  - maxDistance: 2
    collisionSphereDistance: 3.4028235e+38
  - maxDistance: 2
    collisionSphereDistance: 3.4028235e+38
  - maxDistance: 1
    collisionSphereDistance: 3.4028235e+38
  - maxDistance: 2
    collisionSphereDistance: 3.4028235e+38
  - maxDistance: 2
    collisionSphereDistance: 3.4028235e+38
  - maxDistance: 2
    collisionSphereDistance: 3.4028235e+38
  - maxDistance: 2
    collisionSphereDistance: 3.4028235e+38
  - maxDistance: 2
    collisionSphereDistance: 3.4028235e+38
  - maxDistance: 2
    collisionSphereDistance: 3.4028235e+38
  m_CapsuleColliders:
  - {fileID: 4681469625670045188}
  - {fileID: 4680927906309915768}
  - {fileID: 4681226264915709052}
  m_SphereColliders: []
  m_SelfCollisionDistance: 0
  m_SelfCollisionStiffness: 1
  m_SelfAndInterCollisionIndices: 
  m_VirtualParticleWeights:
  - {x: 0.33333334, y: 0.33333334, z: 0.33333334}
  - {x: 0.6666667, y: 0.16666667, z: 0.16666667}
  - {x: 0.5, y: 0.5, z: 0}
  - {x: 0.33333334, y: 0.33333334, z: 0.33333334}
  - {x: 0.6666667, y: 0.16666667, z: 0.16666667}
  - {x: 0.5, y: 0.5, z: 0}
  m_VirtualParticleIndices: 
--- !u!1 &4690165142377618804
GameObject:
  m_ObjectHideFlags: 0
  m_CorrespondingSourceObject: {fileID: 0}
  m_PrefabInstance: {fileID: 0}
  m_PrefabAsset: {fileID: 0}
  serializedVersion: 6
  m_Component:
  - component: {fileID: 4684610119936879830}
  m_Layer: 0
  m_Name: DemonGirlRArmDigit32
  m_TagString: Untagged
  m_Icon: {fileID: 0}
  m_NavMeshLayer: 0
  m_StaticEditorFlags: 0
  m_IsActive: 1
--- !u!4 &4684610119936879830
Transform:
  m_ObjectHideFlags: 0
  m_CorrespondingSourceObject: {fileID: 0}
  m_PrefabInstance: {fileID: 0}
  m_PrefabAsset: {fileID: 0}
  m_GameObject: {fileID: 4690165142377618804}
  m_LocalRotation: {x: 0.0077024875, y: 0.03666296, z: 0.40065685, w: 0.915462}
  m_LocalPosition: {x: -0.04212687, y: 0.000000027418137, z: 0}
  m_LocalScale: {x: 1.0000025, y: 1.0000046, z: 0.999992}
  m_Children:
  - {fileID: 4684495936298171902}
  m_Father: {fileID: 4684565105941065188}
  m_RootOrder: 0
  m_LocalEulerAnglesHint: {x: 0, y: 0, z: 0}
--- !u!1 &4690176273798473632
GameObject:
  m_ObjectHideFlags: 0
  m_CorrespondingSourceObject: {fileID: 0}
  m_PrefabInstance: {fileID: 0}
  m_PrefabAsset: {fileID: 0}
  serializedVersion: 6
  m_Component:
  - component: {fileID: 4691742282589392986}
  m_Layer: 0
  m_Name: DemonGirlRArmDigit23
  m_TagString: Untagged
  m_Icon: {fileID: 0}
  m_NavMeshLayer: 0
  m_StaticEditorFlags: 0
  m_IsActive: 1
--- !u!4 &4691742282589392986
Transform:
  m_ObjectHideFlags: 0
  m_CorrespondingSourceObject: {fileID: 0}
  m_PrefabInstance: {fileID: 0}
  m_PrefabAsset: {fileID: 0}
  m_GameObject: {fileID: 4690176273798473632}
  m_LocalRotation: {x: -0.0050236103, y: -0.008155311, z: 0.2983658, w: 0.9544036}
  m_LocalPosition: {x: -0.025252378, y: 0, z: 0.000000054836274}
  m_LocalScale: {x: 0.9999963, y: 1.0000112, z: 0.99999195}
  m_Children: []
  m_Father: {fileID: 4691959721372382856}
  m_RootOrder: 0
  m_LocalEulerAnglesHint: {x: 0, y: 0, z: 0}
--- !u!1 &4690182892932081028
GameObject:
  m_ObjectHideFlags: 0
  m_CorrespondingSourceObject: {fileID: 0}
  m_PrefabInstance: {fileID: 0}
  m_PrefabAsset: {fileID: 0}
  serializedVersion: 6
  m_Component:
  - component: {fileID: 4684603994743825978}
  m_Layer: 0
  m_Name: DemonGirlRibcage
  m_TagString: Untagged
  m_Icon: {fileID: 0}
  m_NavMeshLayer: 0
  m_StaticEditorFlags: 0
  m_IsActive: 1
--- !u!4 &4684603994743825978
Transform:
  m_ObjectHideFlags: 0
  m_CorrespondingSourceObject: {fileID: 0}
  m_PrefabInstance: {fileID: 0}
  m_PrefabAsset: {fileID: 0}
  m_GameObject: {fileID: 4690182892932081028}
  m_LocalRotation: {x: 0.0000000010398093, y: 0.000000024905175, z: -0.035371516,
    w: 0.9993742}
  m_LocalPosition: {x: -0.15174359, y: -0.0000000068545343, z: -5.2295946e-14}
  m_LocalScale: {x: 0.9999991, y: 0.99999887, z: 0.99999976}
  m_Children:
  - {fileID: 4684481394078653078}
  - {fileID: 4691885025353487660}
  - {fileID: 4692039744625855974}
  m_Father: {fileID: 4684597046511641722}
  m_RootOrder: 0
  m_LocalEulerAnglesHint: {x: 0, y: 0, z: 0}
--- !u!1 &4690188142700914832
GameObject:
  m_ObjectHideFlags: 0
  m_CorrespondingSourceObject: {fileID: 0}
  m_PrefabInstance: {fileID: 0}
  m_PrefabAsset: {fileID: 0}
  serializedVersion: 6
  m_Component:
  - component: {fileID: 4684340118645511496}
  m_Layer: 0
  m_Name: DemonGirlRArmDigit43
  m_TagString: Untagged
  m_Icon: {fileID: 0}
  m_NavMeshLayer: 0
  m_StaticEditorFlags: 0
  m_IsActive: 1
--- !u!4 &4684340118645511496
Transform:
  m_ObjectHideFlags: 0
  m_CorrespondingSourceObject: {fileID: 0}
  m_PrefabInstance: {fileID: 0}
  m_PrefabAsset: {fileID: 0}
  m_GameObject: {fileID: 4690188142700914832}
  m_LocalRotation: {x: 0.007886048, y: 0.006858665, z: 0.2903766, w: 0.9568554}
  m_LocalPosition: {x: -0.025720516, y: 0, z: 0}
  m_LocalScale: {x: 0.99999815, y: 1.0000105, z: 0.99999166}
  m_Children: []
  m_Father: {fileID: 4684796923602548180}
  m_RootOrder: 0
  m_LocalEulerAnglesHint: {x: 0, y: 0, z: 0}
--- !u!1 &4690200932472630470
GameObject:
  m_ObjectHideFlags: 0
  m_CorrespondingSourceObject: {fileID: 0}
  m_PrefabInstance: {fileID: 0}
  m_PrefabAsset: {fileID: 0}
  serializedVersion: 6
  m_Component:
  - component: {fileID: 4684475318313991056}
  m_Layer: 0
  m_Name: DemonGirlRArmDigit13
  m_TagString: Untagged
  m_Icon: {fileID: 0}
  m_NavMeshLayer: 0
  m_StaticEditorFlags: 0
  m_IsActive: 1
--- !u!4 &4684475318313991056
Transform:
  m_ObjectHideFlags: 0
  m_CorrespondingSourceObject: {fileID: 0}
  m_PrefabInstance: {fileID: 0}
  m_PrefabAsset: {fileID: 0}
  m_GameObject: {fileID: 4690200932472630470}
  m_LocalRotation: {x: 0.03494762, y: 0.11417326, z: -0.2402967, w: 0.9633279}
  m_LocalPosition: {x: -0.026699288, y: 0, z: 0.000000054836274}
  m_LocalScale: {x: 0.99999875, y: 1.0000105, z: 0.99999064}
  m_Children: []
  m_Father: {fileID: 4684729676219458368}
  m_RootOrder: 0
  m_LocalEulerAnglesHint: {x: 0, y: 0, z: 0}
--- !u!1 &4690210208801796446
GameObject:
  m_ObjectHideFlags: 0
  m_CorrespondingSourceObject: {fileID: 0}
  m_PrefabInstance: {fileID: 0}
  m_PrefabAsset: {fileID: 0}
  serializedVersion: 6
  m_Component:
  - component: {fileID: 4684715150629589336}
  m_Layer: 0
  m_Name: DemonGirlTail1 1
  m_TagString: Untagged
  m_Icon: {fileID: 0}
  m_NavMeshLayer: 0
  m_StaticEditorFlags: 0
  m_IsActive: 1
--- !u!4 &4684715150629589336
Transform:
  m_ObjectHideFlags: 0
  m_CorrespondingSourceObject: {fileID: 0}
  m_PrefabInstance: {fileID: 0}
  m_PrefabAsset: {fileID: 0}
  m_GameObject: {fileID: 4690210208801796446}
  m_LocalRotation: {x: 0.00000004267066, y: 0.000000039644952, z: 0.6806575, w: 0.73260176}
  m_LocalPosition: {x: -0.14051664, y: -0.049999874, z: 0.000000015923593}
  m_LocalScale: {x: 0.9999999, y: 1.0000001, z: 1}
  m_Children:
  - {fileID: 4691861436052418656}
  m_Father: {fileID: 4684503572609495964}
  m_RootOrder: 0
  m_LocalEulerAnglesHint: {x: 0, y: 0, z: 0}
--- !u!1 &4690234738101966254
GameObject:
  m_ObjectHideFlags: 0
  m_CorrespondingSourceObject: {fileID: 0}
  m_PrefabInstance: {fileID: 0}
  m_PrefabAsset: {fileID: 0}
  serializedVersion: 6
  m_Component:
  - component: {fileID: 4684672368508860630}
  m_Layer: 0
  m_Name: DemonGirlLUpperarm
  m_TagString: Untagged
  m_Icon: {fileID: 0}
  m_NavMeshLayer: 0
  m_StaticEditorFlags: 0
  m_IsActive: 1
--- !u!4 &4684672368508860630
Transform:
  m_ObjectHideFlags: 0
  m_CorrespondingSourceObject: {fileID: 0}
  m_PrefabInstance: {fileID: 0}
  m_PrefabAsset: {fileID: 0}
  m_GameObject: {fileID: 4690234738101966254}
  m_LocalRotation: {x: 0.28411424, y: 0.44498044, z: -0.08644077, w: 0.8448666}
  m_LocalPosition: {x: -0.12729403, y: 0, z: 0}
  m_LocalScale: {x: 0.99999946, y: 0.9999991, z: 1.0000015}
  m_Children:
  - {fileID: 4684861973184558818}
  m_Father: {fileID: 4684481394078653078}
  m_RootOrder: 0
  m_LocalEulerAnglesHint: {x: 0, y: 0, z: 0}
--- !u!1 &4690257435113414246
GameObject:
  m_ObjectHideFlags: 0
  m_CorrespondingSourceObject: {fileID: 0}
  m_PrefabInstance: {fileID: 0}
  m_PrefabAsset: {fileID: 0}
  serializedVersion: 6
  m_Component:
  - component: {fileID: 4692039744625855974}
  m_Layer: 0
  m_Name: DemonGirlRArmCollarbone
  m_TagString: Untagged
  m_Icon: {fileID: 0}
  m_NavMeshLayer: 0
  m_StaticEditorFlags: 0
  m_IsActive: 1
--- !u!4 &4692039744625855974
Transform:
  m_ObjectHideFlags: 0
  m_CorrespondingSourceObject: {fileID: 0}
  m_PrefabInstance: {fileID: 0}
  m_PrefabAsset: {fileID: 0}
  m_GameObject: {fileID: 4690257435113414246}
  m_LocalRotation: {x: -0.10676524, y: -0.7461399, z: 0.24439102, w: 0.61004066}
  m_LocalPosition: {x: 0.01809959, y: 0.062197812, z: -0.03139988}
  m_LocalScale: {x: 1.0000002, y: 1.0000001, z: 0.99999964}
  m_Children:
  - {fileID: 4691956172545662968}
  m_Father: {fileID: 4684603994743825978}
  m_RootOrder: 2
  m_LocalEulerAnglesHint: {x: 0, y: 0, z: 0}
--- !u!1 &4690257521184521580
GameObject:
  m_ObjectHideFlags: 0
  m_CorrespondingSourceObject: {fileID: 0}
  m_PrefabInstance: {fileID: 0}
  m_PrefabAsset: {fileID: 0}
  serializedVersion: 6
  m_Component:
  - component: {fileID: 4691806705811671496}
  - component: {fileID: 4680927906309915768}
  m_Layer: 0
  m_Name: DemonGirlRLegThigh
  m_TagString: Untagged
  m_Icon: {fileID: 0}
  m_NavMeshLayer: 0
  m_StaticEditorFlags: 0
  m_IsActive: 1
--- !u!4 &4691806705811671496
Transform:
  m_ObjectHideFlags: 0
  m_CorrespondingSourceObject: {fileID: 0}
  m_PrefabInstance: {fileID: 0}
  m_PrefabAsset: {fileID: 0}
  m_GameObject: {fileID: 4690257521184521580}
  m_LocalRotation: {x: -0.09222661, y: 0.99188524, z: 0.0063260333, w: -0.08728059}
  m_LocalPosition: {x: -0.01795208, y: 0.04894993, z: -0.09172059}
  m_LocalScale: {x: 1, y: 1.0000002, z: 1.0000001}
  m_Children:
  - {fileID: 4692106458387318616}
  m_Father: {fileID: 4684451360427016758}
  m_RootOrder: 1
  m_LocalEulerAnglesHint: {x: 0, y: 0, z: 0}
--- !u!136 &4680927906309915768
CapsuleCollider:
  m_ObjectHideFlags: 0
  m_CorrespondingSourceObject: {fileID: 0}
  m_PrefabInstance: {fileID: 0}
  m_PrefabAsset: {fileID: 0}
  m_GameObject: {fileID: 4690257521184521580}
  m_Material: {fileID: 0}
  m_IsTrigger: 0
  m_Enabled: 1
  m_Radius: 0.078
  m_Height: 0.57
  m_Direction: 0
  m_Center: {x: -0.21, y: 0, z: 0}
--- !u!1 &4690261167795663562
GameObject:
  m_ObjectHideFlags: 0
  m_CorrespondingSourceObject: {fileID: 0}
  m_PrefabInstance: {fileID: 0}
  m_PrefabAsset: {fileID: 0}
  serializedVersion: 6
  m_Component:
  - component: {fileID: 4691688484978353836}
  m_Layer: 0
  m_Name: DemonGirlTail4
  m_TagString: Untagged
  m_Icon: {fileID: 0}
  m_NavMeshLayer: 0
  m_StaticEditorFlags: 0
  m_IsActive: 1
--- !u!4 &4691688484978353836
Transform:
  m_ObjectHideFlags: 0
  m_CorrespondingSourceObject: {fileID: 0}
  m_PrefabInstance: {fileID: 0}
  m_PrefabAsset: {fileID: 0}
  m_GameObject: {fileID: 4690261167795663562}
  m_LocalRotation: {x: -0.000000010091292, y: -0.00000008294377, z: 0.12934949, w: 0.9915991}
  m_LocalPosition: {x: -0.10399809, y: 0, z: -4.706635e-13}
  m_LocalScale: {x: 1.0000004, y: 1.0000001, z: 1.0000001}
  m_Children:
  - {fileID: 4684420818854171534}
  m_Father: {fileID: 4684561100994409826}
  m_RootOrder: 0
  m_LocalEulerAnglesHint: {x: 0, y: 0, z: 0}
--- !u!1 &4690274768616664800
GameObject:
  m_ObjectHideFlags: 0
  m_CorrespondingSourceObject: {fileID: 0}
  m_PrefabInstance: {fileID: 0}
  m_PrefabAsset: {fileID: 0}
  serializedVersion: 6
  m_Component:
  - component: {fileID: 4691861436052418656}
  m_Layer: 0
  m_Name: DemonGirlTail2 1
  m_TagString: Untagged
  m_Icon: {fileID: 0}
  m_NavMeshLayer: 0
  m_StaticEditorFlags: 0
  m_IsActive: 1
--- !u!4 &4691861436052418656
Transform:
  m_ObjectHideFlags: 0
  m_CorrespondingSourceObject: {fileID: 0}
  m_PrefabInstance: {fileID: 0}
  m_PrefabAsset: {fileID: 0}
  m_GameObject: {fileID: 4690274768616664800}
  m_LocalRotation: {x: -0.00000006778421, y: 0.00000024427828, z: 0.45013988, w: 0.89295805}
  m_LocalPosition: {x: -0.09895419, y: 0, z: 1.0459189e-13}
  m_LocalScale: {x: 0.9999998, y: 1.0000002, z: 0.99999994}
  m_Children:
  - {fileID: 4684561100994409826}
  m_Father: {fileID: 4684715150629589336}
  m_RootOrder: 0
  m_LocalEulerAnglesHint: {x: 0, y: 0, z: 0}
--- !u!1 &4690312844266099790
GameObject:
  m_ObjectHideFlags: 0
  m_CorrespondingSourceObject: {fileID: 0}
  m_PrefabInstance: {fileID: 0}
  m_PrefabAsset: {fileID: 0}
  serializedVersion: 6
  m_Component:
  - component: {fileID: 4691718210028633388}
  m_Layer: 0
  m_Name: DemonGirlRArmDigit11
  m_TagString: Untagged
  m_Icon: {fileID: 0}
  m_NavMeshLayer: 0
  m_StaticEditorFlags: 0
  m_IsActive: 1
--- !u!4 &4691718210028633388
Transform:
  m_ObjectHideFlags: 0
  m_CorrespondingSourceObject: {fileID: 0}
  m_PrefabInstance: {fileID: 0}
  m_PrefabAsset: {fileID: 0}
  m_GameObject: {fileID: 4690312844266099790}
  m_LocalRotation: {x: 0.0074836765, y: 0.027537858, z: 0.50102055, w: 0.8649648}
  m_LocalPosition: {x: -0.0028266455, y: -0.02096961, z: -0.023969648}
  m_LocalScale: {x: 1.0000114, y: 0.99999726, z: 0.99999154}
  m_Children:
  - {fileID: 4684729676219458368}
  m_Father: {fileID: 4691709930922151082}
  m_RootOrder: 0
  m_LocalEulerAnglesHint: {x: 0, y: 0, z: 0}
--- !u!1 &4690322172298993866
GameObject:
  m_ObjectHideFlags: 0
  m_CorrespondingSourceObject: {fileID: 0}
  m_PrefabInstance: {fileID: 0}
  m_PrefabAsset: {fileID: 0}
  serializedVersion: 6
  m_Component:
  - component: {fileID: 4692091420876636974}
  m_Layer: 0
  m_Name: DemonGirl
  m_TagString: Untagged
  m_Icon: {fileID: 0}
  m_NavMeshLayer: 0
  m_StaticEditorFlags: 0
  m_IsActive: 1
--- !u!4 &4692091420876636974
Transform:
  m_ObjectHideFlags: 0
  m_CorrespondingSourceObject: {fileID: 0}
  m_PrefabInstance: {fileID: 0}
  m_PrefabAsset: {fileID: 0}
  m_GameObject: {fileID: 4690322172298993866}
  m_LocalRotation: {x: 0.50000006, y: -0.5, z: -0.4999999, w: 0.5}
  m_LocalPosition: {x: -0, y: 0, z: 0}
  m_LocalScale: {x: 1, y: 1, z: 1}
  m_Children: []
  m_Father: {fileID: 4692153192125447480}
  m_RootOrder: 0
  m_LocalEulerAnglesHint: {x: 0, y: 0, z: 0}
--- !u!1 &4690335609154854598
GameObject:
  m_ObjectHideFlags: 0
  m_CorrespondingSourceObject: {fileID: 0}
  m_PrefabInstance: {fileID: 0}
  m_PrefabAsset: {fileID: 0}
  serializedVersion: 6
  m_Component:
  - component: {fileID: 4684558295064806762}
  m_Layer: 0
  m_Name: DemonGirlLCalf
  m_TagString: Untagged
  m_Icon: {fileID: 0}
  m_NavMeshLayer: 0
  m_StaticEditorFlags: 0
  m_IsActive: 1
--- !u!4 &4684558295064806762
Transform:
  m_ObjectHideFlags: 0
  m_CorrespondingSourceObject: {fileID: 0}
  m_PrefabInstance: {fileID: 0}
  m_PrefabAsset: {fileID: 0}
  m_GameObject: {fileID: 4690335609154854598}
  m_LocalRotation: {x: 0.0018433366, y: 0.06375097, z: 0.27737188, w: 0.9586435}
  m_LocalPosition: {x: -0.47060248, y: 0.0000008362532, z: -0.0000004386902}
  m_LocalScale: {x: 0.99999964, y: 1.0000004, z: 1.0000005}
  m_Children:
  - {fileID: 4684545790866668596}
  m_Father: {fileID: 4684781328142552930}
  m_RootOrder: 0
  m_LocalEulerAnglesHint: {x: 0, y: 0, z: 0}
--- !u!1 &4690351072700269204
GameObject:
  m_ObjectHideFlags: 0
  m_CorrespondingSourceObject: {fileID: 0}
  m_PrefabInstance: {fileID: 0}
  m_PrefabAsset: {fileID: 0}
  serializedVersion: 6
  m_Component:
  - component: {fileID: 4684766777156512882}
  m_Layer: 0
  m_Name: DemonGirlLPlatform
  m_TagString: Untagged
  m_Icon: {fileID: 0}
  m_NavMeshLayer: 0
  m_StaticEditorFlags: 0
  m_IsActive: 1
--- !u!4 &4684766777156512882
Transform:
  m_ObjectHideFlags: 0
  m_CorrespondingSourceObject: {fileID: 0}
  m_PrefabInstance: {fileID: 0}
  m_PrefabAsset: {fileID: 0}
  m_GameObject: {fileID: 4690351072700269204}
  m_LocalRotation: {x: 0.5398099, y: -0.5398097, z: -0.45673335, w: 0.45673347}
  m_LocalPosition: {x: -0.209853, y: -0.0000000021865831, z: 0.022719415}
  m_LocalScale: {x: 1, y: 1.0000001, z: 1.0000001}
  m_Children: []
  m_Father: {fileID: 4692153192125447480}
  m_RootOrder: 1
  m_LocalEulerAnglesHint: {x: 0, y: 0, z: 0}
--- !u!1 &4690352723647574514
GameObject:
  m_ObjectHideFlags: 0
  m_CorrespondingSourceObject: {fileID: 0}
  m_PrefabInstance: {fileID: 0}
  m_PrefabAsset: {fileID: 0}
  serializedVersion: 6
  m_Component:
  - component: {fileID: 4691761233406349440}
  - component: {fileID: 4712632224742264086}
  - component: {fileID: 4701853322211568478}
  m_Layer: 0
  m_Name: weapon1
  m_TagString: Untagged
  m_Icon: {fileID: 0}
  m_NavMeshLayer: 0
  m_StaticEditorFlags: 0
  m_IsActive: 1
--- !u!4 &4691761233406349440
Transform:
  m_ObjectHideFlags: 0
  m_CorrespondingSourceObject: {fileID: 0}
  m_PrefabInstance: {fileID: 0}
  m_PrefabAsset: {fileID: 0}
  m_GameObject: {fileID: 4690352723647574514}
  m_LocalRotation: {x: -0.03213833, y: 0.9993858, z: -0.0138289565, w: -0.0020230138}
  m_LocalPosition: {x: -0.083, y: -0.023, z: -0.033}
  m_LocalScale: {x: 3.8580198, y: 3.8581378, z: 3.8580809}
  m_Children: []
  m_Father: {fileID: 4691709930922151082}
  m_RootOrder: 4
  m_LocalEulerAnglesHint: {x: 0, y: 0, z: 0}
--- !u!33 &4712632224742264086
MeshFilter:
  m_ObjectHideFlags: 0
  m_CorrespondingSourceObject: {fileID: 0}
  m_PrefabInstance: {fileID: 0}
  m_PrefabAsset: {fileID: 0}
  m_GameObject: {fileID: 4690352723647574514}
  m_Mesh: {fileID: 4300008, guid: d3b617d4c5387004fa355973611faee7, type: 3}
--- !u!23 &4701853322211568478
MeshRenderer:
  m_ObjectHideFlags: 0
  m_CorrespondingSourceObject: {fileID: 0}
  m_PrefabInstance: {fileID: 0}
  m_PrefabAsset: {fileID: 0}
  m_GameObject: {fileID: 4690352723647574514}
  m_Enabled: 1
  m_CastShadows: 1
  m_ReceiveShadows: 1
  m_DynamicOccludee: 1
  m_MotionVectors: 1
  m_LightProbeUsage: 1
  m_ReflectionProbeUsage: 1
  m_RayTracingMode: 2
  m_RenderingLayerMask: 1
  m_RendererPriority: 0
  m_Materials:
  - {fileID: 2100000, guid: 0ceccff46c561e249bec08a46bae18ce, type: 2}
  m_StaticBatchInfo:
    firstSubMesh: 0
    subMeshCount: 0
  m_StaticBatchRoot: {fileID: 0}
  m_ProbeAnchor: {fileID: 0}
  m_LightProbeVolumeOverride: {fileID: 0}
  m_ScaleInLightmap: 1
  m_ReceiveGI: 1
  m_PreserveUVs: 0
  m_IgnoreNormalsForChartDetection: 0
  m_ImportantGI: 0
  m_StitchLightmapSeams: 0
  m_SelectedEditorRenderState: 3
  m_MinimumChartSize: 4
  m_AutoUVMaxDistance: 0.5
  m_AutoUVMaxAngle: 89
  m_LightmapParameters: {fileID: 0}
  m_SortingLayerID: 0
  m_SortingLayer: 0
  m_SortingOrder: 0
--- !u!1 &4690359480814446404
GameObject:
  m_ObjectHideFlags: 0
  m_CorrespondingSourceObject: {fileID: 0}
  m_PrefabInstance: {fileID: 0}
  m_PrefabAsset: {fileID: 0}
  serializedVersion: 6
  m_Component:
  - component: {fileID: 4692065031194473378}
  m_Layer: 0
  m_Name: DemonGirlLDigit32
  m_TagString: Untagged
  m_Icon: {fileID: 0}
  m_NavMeshLayer: 0
  m_StaticEditorFlags: 0
  m_IsActive: 1
--- !u!4 &4692065031194473378
Transform:
  m_ObjectHideFlags: 0
  m_CorrespondingSourceObject: {fileID: 0}
  m_PrefabInstance: {fileID: 0}
  m_PrefabAsset: {fileID: 0}
  m_GameObject: {fileID: 4690359480814446404}
  m_LocalRotation: {x: -0.0007849466, y: -0.04360756, z: 0.22149368, w: 0.974186}
  m_LocalPosition: {x: -0.042126816, y: -0.000000027418137, z: 0}
  m_LocalScale: {x: 1.0000019, y: 1.0000073, z: 0.99999136}
  m_Children:
  - {fileID: 4691628355723465710}
  m_Father: {fileID: 4684846851739608128}
  m_RootOrder: 0
  m_LocalEulerAnglesHint: {x: 0, y: 0, z: 0}
--- !u!1 &4690383805623500428
GameObject:
  m_ObjectHideFlags: 0
  m_CorrespondingSourceObject: {fileID: 0}
  m_PrefabInstance: {fileID: 0}
  m_PrefabAsset: {fileID: 0}
  serializedVersion: 6
  m_Component:
  - component: {fileID: 4684812647894445704}
  - component: {fileID: 4680509950731650208}
  m_Layer: 0
  m_Name: DG_SKIN_chestarmor
  m_TagString: Untagged
  m_Icon: {fileID: 0}
  m_NavMeshLayer: 0
  m_StaticEditorFlags: 0
  m_IsActive: 1
--- !u!4 &4684812647894445704
Transform:
  m_ObjectHideFlags: 0
  m_CorrespondingSourceObject: {fileID: 0}
  m_PrefabInstance: {fileID: 0}
  m_PrefabAsset: {fileID: 0}
  m_GameObject: {fileID: 4690383805623500428}
  m_LocalRotation: {x: -0.7071068, y: 0, z: -0, w: 0.7071068}
  m_LocalPosition: {x: -0, y: 1.0460883, z: 0.000000045725972}
  m_LocalScale: {x: 1, y: 1, z: 1}
  m_Children: []
  m_Father: {fileID: 4692153192125447480}
  m_RootOrder: 5
  m_LocalEulerAnglesHint: {x: 0, y: 0, z: 0}
--- !u!137 &4680509950731650208
SkinnedMeshRenderer:
  m_ObjectHideFlags: 0
  m_CorrespondingSourceObject: {fileID: 0}
  m_PrefabInstance: {fileID: 0}
  m_PrefabAsset: {fileID: 0}
  m_GameObject: {fileID: 4690383805623500428}
  m_Enabled: 1
  m_CastShadows: 1
  m_ReceiveShadows: 1
  m_DynamicOccludee: 1
  m_MotionVectors: 1
  m_LightProbeUsage: 1
  m_ReflectionProbeUsage: 1
  m_RayTracingMode: 0
  m_RenderingLayerMask: 1
  m_RendererPriority: 0
  m_Materials:
  - {fileID: 2100000, guid: c613367bf5c03aa4d8b861af9faba658, type: 2}
  m_StaticBatchInfo:
    firstSubMesh: 0
    subMeshCount: 0
  m_StaticBatchRoot: {fileID: 0}
  m_ProbeAnchor: {fileID: 0}
  m_LightProbeVolumeOverride: {fileID: 0}
  m_ScaleInLightmap: 1
  m_ReceiveGI: 1
  m_PreserveUVs: 0
  m_IgnoreNormalsForChartDetection: 0
  m_ImportantGI: 0
  m_StitchLightmapSeams: 0
  m_SelectedEditorRenderState: 3
  m_MinimumChartSize: 4
  m_AutoUVMaxDistance: 0.5
  m_AutoUVMaxAngle: 89
  m_LightmapParameters: {fileID: 0}
  m_SortingLayerID: 0
  m_SortingLayer: 0
  m_SortingOrder: 0
  serializedVersion: 2
  m_Quality: 0
  m_UpdateWhenOffscreen: 0
  m_SkinnedMotionVectors: 1
  m_Mesh: {fileID: 4300006, guid: d3b617d4c5387004fa355973611faee7, type: 3}
  m_Bones:
  - {fileID: 4684413155703175608}
  - {fileID: 4691819552377261720}
  - {fileID: 4692038054090153968}
  - {fileID: 4684597046511641722}
  - {fileID: 4684603994743825978}
  - {fileID: 4691885025353487660}
  - {fileID: 4684662804387839880}
  - {fileID: 4684503572609495964}
  - {fileID: 4684481394078653078}
  - {fileID: 4692039744625855974}
  - {fileID: 4691956172545662968}
  - {fileID: 4684672368508860630}
  m_BlendShapeWeights: []
  m_RootBone: {fileID: 4684413155703175608}
  m_AABB:
    m_Center: {x: -0.34630033, y: -0.039460987, z: 0.00021956861}
    m_Extent: {x: 0.2191005, y: 0.17326829, z: 0.1651405}
  m_DirtyAABB: 0
--- !u!1 &4690465041655255644
GameObject:
  m_ObjectHideFlags: 0
  m_CorrespondingSourceObject: {fileID: 0}
  m_PrefabInstance: {fileID: 0}
  m_PrefabAsset: {fileID: 0}
  serializedVersion: 6
  m_Component:
  - component: {fileID: 4691637280630461582}
  m_Layer: 0
  m_Name: DemonGirlLDigit43
  m_TagString: Untagged
  m_Icon: {fileID: 0}
  m_NavMeshLayer: 0
  m_StaticEditorFlags: 0
  m_IsActive: 1
--- !u!4 &4691637280630461582
Transform:
  m_ObjectHideFlags: 0
  m_CorrespondingSourceObject: {fileID: 0}
  m_PrefabInstance: {fileID: 0}
  m_PrefabAsset: {fileID: 0}
  m_GameObject: {fileID: 4690465041655255644}
  m_LocalRotation: {x: 0.00000018188534, y: -0.00000016049626, z: 0.10564845, w: 0.9944036}
  m_LocalPosition: {x: -0.025720516, y: 0.000000054836274, z: 0}
  m_LocalScale: {x: 0.99999994, y: 1.0000094, z: 0.9999925}
  m_Children: []
  m_Father: {fileID: 4691684854526677496}
  m_RootOrder: 0
  m_LocalEulerAnglesHint: {x: 0, y: 0, z: 0}
--- !u!1 &4690469626575818740
GameObject:
  m_ObjectHideFlags: 0
  m_CorrespondingSourceObject: {fileID: 0}
  m_PrefabInstance: {fileID: 0}
  m_PrefabAsset: {fileID: 0}
  serializedVersion: 6
  m_Component:
  - component: {fileID: 4684846851739608128}
  m_Layer: 0
  m_Name: DemonGirlLDigit31
  m_TagString: Untagged
  m_Icon: {fileID: 0}
  m_NavMeshLayer: 0
  m_StaticEditorFlags: 0
  m_IsActive: 1
--- !u!4 &4684846851739608128
Transform:
  m_ObjectHideFlags: 0
  m_CorrespondingSourceObject: {fileID: 0}
  m_PrefabInstance: {fileID: 0}
  m_PrefabAsset: {fileID: 0}
  m_GameObject: {fileID: 4690469626575818740}
  m_LocalRotation: {x: -0.010987841, y: 0.028518973, z: 0.28254628, w: 0.9587667}
  m_LocalPosition: {x: -0.10810023, y: 0.005829096, z: -0.0114414515}
  m_LocalScale: {x: 1.0000045, y: 1.0000042, z: 0.9999915}
  m_Children:
  - {fileID: 4692065031194473378}
  m_Father: {fileID: 4684613158269641288}
  m_RootOrder: 2
  m_LocalEulerAnglesHint: {x: 0, y: 0, z: 0}
--- !u!1 &4690473898938469792
GameObject:
  m_ObjectHideFlags: 0
  m_CorrespondingSourceObject: {fileID: 0}
  m_PrefabInstance: {fileID: 0}
  m_PrefabAsset: {fileID: 0}
  serializedVersion: 6
  m_Component:
  - component: {fileID: 4684613158269641288}
  m_Layer: 0
  m_Name: DemonGirlLPalm
  m_TagString: Untagged
  m_Icon: {fileID: 0}
  m_NavMeshLayer: 0
  m_StaticEditorFlags: 0
  m_IsActive: 1
--- !u!4 &4684613158269641288
Transform:
  m_ObjectHideFlags: 0
  m_CorrespondingSourceObject: {fileID: 0}
  m_PrefabInstance: {fileID: 0}
  m_PrefabAsset: {fileID: 0}
  m_GameObject: {fileID: 4690473898938469792}
  m_LocalRotation: {x: -0.7082824, y: -0.022453161, z: 0.042185586, w: 0.7043098}
  m_LocalPosition: {x: -0.27262524, y: 0.000000054836274, z: -0.000000054836274}
  m_LocalScale: {x: 1.0000085, y: 0.99999565, z: 0.9999965}
  m_Children:
  - {fileID: 4691887789397554220}
  - {fileID: 4691860681870250274}
  - {fileID: 4684846851739608128}
  - {fileID: 4691757589500747264}
  m_Father: {fileID: 4684861973184558818}
  m_RootOrder: 0
  m_LocalEulerAnglesHint: {x: 0, y: 0, z: 0}
